2984 5474
190 690 255 753 σοι
607 692 779 757 ιιιιλον
803 694 835 753 r.
858 686 924 776 (3)

189 862 223 925 δέ
245 861 454 943 πρσκθσμημα·
477 865 612 947 γίνονται
632 866 690 946 γὰρ
706 863 756 927 έπί
775 867 836 927 τῦν
851 863 1099 944 περικεφαλαίαν
1113 861 1254 944 λαμπροί
1268 886 1351 927 τινες

188 963 260 1044 ἧλοι
278 963 367 1030 ἕνεκα
387 965 646 1048 προκοσμήματσς.
676 971 694 999 “
706 965 809 1047 φάλον
816 964 834 991 ”
851 967 885 1031 δὲ
905 970 940 1028 τὸ
954 967 1105 1047 λαμπρόν
1128 969 1272 1031 έντεῦθεν
1286 971 1350 1046 φα-

187 1070 301 1148 λακρός
318 1070 335 1132 ά
351 1070 430 1151 έχων
446 1070 562 1152 φαλιὸν
576 1069 611 1135 τδ
627 1068 704 1152 κάρα
718 1068 787 1131 A:

233 1172 306 1256 365.
330 1170 514 1261 ὀλοώτερος]
532 1173 600 1253 έμσί
854 1253 855 1256 4

156 1294 174 1354 5
233 1272 307 1360 368.
330 1271 437 1362 ἠίχθη]
454 1274 611 1357 διέδραμεν
741 1276 873 1360 ἔβαλον]
890 1274 1052 1345 ἀπέκτεινα

234 1392 310 1463 371.
332 1375 399 1466 μίν]
417 1378 470 1442 τὸν
487 1375 688 1461 Ἀλέξανδρον
819 1392 893 1464 372.
916 1377 1020 1468 θχεθς]
1038 1380 1210 1461 σύνδεσμος

233 1482 307 1566 376.
331 1478 429 1571 κεινή]
447 1482 517 1562 κενή
534 1479 638 1550 Ἰσκῶς
767 1478 895 1570 παχείῃ]
912 1484 948 1570 τῇ
966 1485 1077 1568 ἰσχυρᾷ

234 1585 308 1670 384.
330 1581 449 1672 Τρωσί]
461 1586 594 1667 Τρωικαί
609 1589 748 1667 γυναῖκες
878 1585 952 1670 385.
975 1583 1149 1674 νεκταρέου]
1168 1587 1255 1652 θείου

331 1685 434 1776 ἑανοῦ]
451 1693 568 1764 λευκοῦ,
585 1687 666 1770 παρὰ
680 1686 715 1751 τδ
729 1685 873 1752 ἕννυσθαι
888 1689 907 1752 δ
921 1692 1008 1754 ἐστιν
1023 1690 1183 1755 ένδθεσθαι

140 1820 177 1861 ιο
234 1791 309 1875 387.
333 1788 495 1878 εἰροπόκιρ]
513 1790 663 1873 γράφεται
679 1798 696 1827 “
709 1791 854 1876 εἰροκόμῳ
864 1791 882 1816 ”

235 1894 308 1979 388.
331 1891 452 1982 ἤσκειν]
465 1893 618 1977 εἰργάζετο
697 1899 732 1957 τδ
740 1896 821 1976 ῥῆμα
832 1896 917 1958 ἆσκιῖ
928 1897 1070 1975 σημαίνει
1085 1896 1121 1960 τδ
1134 1895 1213 1977 μετὰ
1225 1900 1348 1960 πσλλσῦ

190 1998 285 2063 πόνον
310 1998 358 2061 καῖ
384 1998 479 2062 κόπου
501 1997 691 2080 ἐργάζεσθαι.
724 1998 926 2079 παρατστικδς
948 1999 1062 2077 ήσκεσν
1083 1998 1199 2079 ἤσκουν
1223 1998 1348 2078 ήσκεεν

190 2099 240 2165 καὶ
269 2106 304 2164 τδ
333 2104 350 2166 i
380 2099 601 2182 έφελκυστικδν
626 2101 741 2184 γίνεται
770 2104 804 2167 έν
829 2104 871 2187 τῷ
898 2104 989 2187 τρίτερ
1019 2103 1183 2188 προσείπω,
1216 2103 1346 2166 ἔτυπτεν

191 2205 308 2288 έλεγεν,
324 2206 417 2272 οὕτως
432 2203 543 2284 ήσκεεν
559 2205 608 2269 καί
624 2208 699 2268 κατὰ
715 2205 893 2285 συνσίρεσιν
907 2209 924 2238 “
934 2204 1043 2285 ἤσκειν
1052 2205 1069 2231 ”

141 2333 177 2392 15
235 2327 307 2393 399.
331 2304 483 2395 δαιμονίη]
498 2310 632 2389 μακαρία
760 2326 836 2386 400.
860 2305 1009 2396 προτέρω]
1027 2308 1205 2392 πορρωτέρω

234 2430 308 2490 401.
331 2408 484 2499 Μῃονίης]
502 2412 622 2477 Λυδίας·
646 2413 781 2478 Μαίσνες
796 2414 854 2493 γάρ
871 2413 1034 2476 ἐκαλοῦντο
1049 2415 1079 2477 οἰ
1095 2415 1190 2478 Λυδοί
1204 2412 1274 2483 A÷
1342 2465 1344 2468 ,

234 2516 309 2594 406.
331 2510 477 2601 ἀπόειπε]
492 2513 668 2595 θπάρνησαι
798 2515 972 2599 κελεύθους]
988 2515 1042 2583 τὰς
1055 2516 1132 2597 μετὰ
1147 2521 1227 2582 θεῶν

234 2619 310 2696 408.
333 2614 428 2706 θίζυε]
446 2616 612 2682 κακοπάθει
741 2630 816 2699 415.
837 2617 1015 2704 ἀπεχθήρω]
1028 2617 1153 2699 μισήσω
1181 2670 1183 2675 .

235 2742 309 2806 419.
333 2716 561 2807 κατασχομένη]
579 2719 853 2803 κατακαλυψαμένη
940 2719 1064 2810 α’ργῆτι]
1081 2722 1210 2808 λαμπρῷ
1225 2725 1326 2809 λευκῷ

139 2857 178 2897 20
234 2843 310 2903 420.
335 2819 423 2912 ήρχε]
440 2829 602 2907 προηγεῖτο
690 2837 764 2904 417.
783 2821 931 2914 ἠνίπαπε]
948 2826 1178 2910 ἰκακσλόγησεν
1193 2847 1255 2893 ree.

192 2977 195 2982 <
235 2928 310 3013 438.
335 2923 453 3015 ἔνιπτε]
470 2929 637 3006 ἓπίπληττε
1159 3003 1161 3006 ⁴

235 3047 310 3113 447.
333 3031 409 3115 άρχε
424 3030 559 3115 λέχοσδε
575 3027 643 3118 ἰσίν]
660 3036 823 3114 προηγεῖτο
839 3035 891 3112 τῆς
906 3031 956 3097 ἐπὶ
973 3035 1075 3112 κοίτην
1090 3035 1161 3097 ὁδοῦ

236 3148 311 3215 457.
334 3134 466 3217 φαίνετ’]
483 3133 676 3217 ὡμολόγηται
807 3147 881 3217 459.
904 3134 1008 3223 τιμήν]
1025 3135 1194 3219 πρόστιμον

750 3359 788 3420 Δ.

143 3511 180 3571 25
237 3502 268 3572 5.
291 3488 429 3570 ἐζήτηται
450 3489 487 3555 δι’
504 3488 542 3569 ήν
557 3491 657 3555 αἰτίαν
672 3489 853 3572 σῦπάρεστι
876 3489 1059 3571 Γανυμήδης,
1075 3490 1117 3556 δν
1132 3494 1272 3577 οἰνοχόος
1292 3497 1347 3557 τοῦ

195 3593 279 3661 Διός.
306 3595 383 3659 ένιοι
397 3596 453 3675 μὲν
468 3593 521 3658 οῦν
533 3603 639 3676 φασιν,
651 3595 698 3659 δτι
711 3593 785 3660 Διδς
796 3594 891 3674 μόνον
902 3592 945 3659 δν
956 3594 1095 3662 διάκονος
1106 3596 1159 3660 σῦκ
1170 3594 1243 3674 έξῆν
1255 3595 1348 3660 αῦτδν

195 3701 300 3763 κοινῶς
315 3701 410 3762 πῖισιν
426 3700 591 3781 οἰνοχοεῖν·
623 3696 641 3776 ἡ
666 3700 698 3762 δέ
709 3696 799 3777 Ἥβη
817 3698 960 3781 εὐλόγως,
971 3699 1019 3762 δτι
1034 3699 1120 3778 κοινή
1136 3698 1232 3762 πᾶσίν
1248 3701 1346 3764 ἔστιν.

194 3801 270 3865 ἔνιοι
281 3798 315 3864 δέ
325 3807 432 3881 φασιν,
443 3801 490 3864 ὅτι
502 3800 643 3882 σκέψεως
655 3801 723 3881 περὶ
734 3803 788 3879 τῆς
799 3799 896 3865 Ἰλίου
906 3799 1083 3883 πορθήσεως
1092 3799 1253 3884 γινομένης
1265 3801 1346 3866 εῦσι·

195 3902 366 3984 κονσμήτως
380 3903 492 3967 άπεστι
514 3907 567 3966 τσῦ
590 3903 756 3983 συνεδρίου,
778 3904 830 3967 ίνσ
851 3905 945 3982 μηδὲν
967 3906 1104 3970 έναντίον
1124 3902 1260 3987 γένηται,
1273 3904 1345 3989 (εἰ)

141 4030 180 4087 30
194 4009 244 4070 διδ
259 4005 315 4085 τήν
329 4011 404 4086 πρδς
418 4004 508 4070 αῦπὸν
522 4004 613 4088 χάριν
626 4007 719 4085 μόνον
735 4006 852 4084 δόξειεν
868 4007 1051 4085 οἰκτίζεσθαι
1065 4006 1135 4069 Α-

324 4108 420 4172 διὰτί
434 4112 468 4174 δὲ
482 4109 563 4194 μόνῳ
576 4110 617 4193 τῷ
634 4110 687 4172 Διὶ
702 4106 877 4188 Γανυμήδης
898 4112 1062 4192 ὑπηρετεῖς
1090 4111 1141 4174 καί
1162 4117 1273 4191 φαμεν,
1299 4111 1348 4175 ὅτι

194 4211 311 4277 ἅπασιν
317 4209 406 4292 Ἥβη
423 4217 564 4290 διακονεῖ,
577 4212 643 4276 έπεί
658 4217 692 4275 τὸ
705 4215 788 4276 θεῖον
804 4210 851 4277 άεί
863 4210 961 4290 νεάζει
978 4238 1012 4277 τε
1027 4213 1076 4277 καὶ
1090 4211 1169 4296 ἡβᾷ·
1184 4217 1273 4276 τοῦτο
1288 4217 1348 4297 γὰρ

193 4316 341 4395 βούλεται
356 4314 492 4394 αῦτσῖςή
511 4340 544 4381 τε
566 4316 721 4396 άμβρσσία
746 4315 923 4398 (άβρσσία)
948 4341 994 4382 τις
1012 4314 1089 4378 οῦσα
1111 4317 1161 4380 καί
1183 4316 1218 4380 τδ
1241 4314 1349 4398 νέκταρ

195 4421 276 4500 παρὰ
290 4424 325 4482 τδ
340 4416 457 4496 νεάζειν
471 4417 679 4501 γεγενημένον·
703 4415 878 4498 Γανυμήδης
900 4421 933 4484 δὲ
955 4420 1097 4498 ῦπηρετεῖ
1117 4419 1199 4504 μόνιρ
1222 4421 1264 4504 τῷ
1285 4421 1349 4498 Διί,

142 4541 181 4601 35
195 4522 243 4585 δτι
258 4522 275 4584 θ
288 4523 346 4602 μὲν
365 4521 441 4588 Ζεῦς
462 4522 479 4584 θ
501 4521 618 4602 πρῶτός
640 4521 707 4584 έστι
731 4524 809 4597 νοῦς,
823 4523 916 4601 μόνος
939 4525 973 4586 δὲ
996 4527 1065 4589 νοῦς
1087 4523 1200 4587 σίκεῖον
1221 4522 1289 4606 έχει
1313 4522 1349 4586 τδ

195 4628 258 4691 τοῖς
271 4622 383 4705 μήδεσι
398 4623 557 4707 γάνυσθαι·
588 4628 676 4687 τοῦτο
691 4623 749 4706 γὰρ
766 4625 783 4687 ὀ
799 4623 973 4705 Γανυμήδης
987 4623 1057 4686 A:

230 4765 251 4813 ³·
263 4748 344 4813 φσλδν
352 4752 386 4812 Α,
395 4750 497 4813 φάλειον
509 4756 519 4810 ΙΙ
532 4751 617 4815 μδιατ
632 4748 707 4815 υφθίν
719 4751 752 4800 τά
761 4749 904 4814 διατρυφθέν
915 4751 972 4815 (εἰσ)
982 4749 1030 4813 363
1039 4749 1193 4815 ιάιοτῖρίσια
1204 4751 1295 4810 amisii!
1310 4751 1349 4803 16.

188 4815 253 4863 ,λυδί
270 4821 303 4877 ς]
319 4826 356 4879 17.
368 4815 502 4881 άπάρνησιιι
514 4818 555 4867 D:
567 4768 710 4879 άτεήτγοσσι
730 4824 740 4877 ΙΙ
763 4817 802 4866 18.
814 4816 956 4864 κσκστσθεῖς
968 4821 979 4874 11
993 4815 1324 4879 τ5.1“ατννμήίητ,σίὶιιίτω
1336 4823 1347 4877 fl

197 4894 236 4945 ²9·
247 4834 334 4930 άτιστι
346 4883 411 4933 AD:
425 4881 518 4945 δτίσπη
530 4887 541 4942 ΙΙ
554 4896 593 4945 30.
606 4880 681 4943 μόνον
691 4882 736 4931 W:
750 4880 823 4942 μίτοι
835 4882 867 4940 D,
878 4879 943 4942 μδνφ
956 4886 966 4941 11
978 4880 1068 4943 δόξειεν
1079 4881 1195 4947 suppleto
1204 4881 1225 4929 εἰ
1234 4880 1276 4939 W,
1288 4881 1350 4946 δόξῃ

196 4947 238 5058 ὓόι
249 4945 390 5075 wazu
401 4947 474 4999 omisi
485 4957 542 4998 ante
554 4948 632 5000 σίκτ.ι
646 4965 668 4997 τι
681 4948 705 4996 Ι)
718 4952 728 5007 ll
743 4959 781 5010 33.
794 4946 909 5011 supplevi
920 4963 952 4996 ox
964 4946 1046 4996 AB‘D
1058 4952 1069 5005 ΙΙ
1086 4960 1126 5011 34.
1140 4945 1322 5010 γεγεννημένον
1336 4953 1347 5012 ΙΙ

198 5023 212 5071 3
231 5049 236 5060 .
357 5029 380 5062 αι
