2984 5474
597 643 769 706 ιΛιΑΔοΣ
792 647 832 706 Ν.
855 640 919 730 (13
932 640 945 728 )
1303 648 1347 710 ιο

192 803 220 880 οῖ
245 810 288 898 δέ,
315 811 360 886 ῖτι
381 813 477 910 μέχρι
502 823 558 903 τῆς
576 815 765 913 Περικλέους
791 813 981 911 στρατηγίαις
1008 814 1144 912 ποδήρεις
1170 810 1251 912 εἶχον
1276 815 1347 898 τοῖς

191 937 327 1020 χιτῶνας
343 928 396 1003 καῖ
414 929 484 1013 τοῖς
500 932 648 1027 τέττιγας
665 931 784 1032 (Thuc.
805 937 832 1006 I.
854 930 900 1028 6).

244 1054 319 1120 686.
348 1046 401 1121 καῖ
417 1045 517 1139 Φθῖοι]
534 1056 665 1123 Φθιῶται
684 1050 712 1122 οῖ
728 1048 783 1121 {ab
799 1048 958 1142 Ἀχιλλεῖ,
975 1056 1060 1122 Φθῖοι
1079 1045 1110 1123 δέ
1127 1051 1157 1122 οῖ
1178 1048 1232 1123 ὖτδ
1256 1058 1348 1150 Προο-
1359 1073 1413 1119 Β-

192 1167 332 1262 τεσιλάρ
341 1161 393 1237 καῖ
403 1169 589 1266 Φιλοκτήτῃ.
617 1164 678 1239 είσῖ
692 1167 724 1240 δὲ
734 1167 829 1238 αῶτῶν
839 1163 923 1257 <τδι>
938 1168 1088 1263 τάγματα
1100 1167 1219 1260 μεταξὺ
1229 1178 1348 1266 Λοκρῶν

160 1277 247 1363 5καῖ
263 1287 410 1357 Βοιωτῶν.
441 1281 470 1384 θ
490 1292 509 1320 “
520 1282 759 1376 φαιδιμάεντες”
772 1283 805 1356 δὲ
822 1281 889 1355 άντῖ
907 1291 960 1356 τοῶ
977 1282 1130 1377 φαίδιμοι,
1149 1283 1347 1383 παραγάγως·
1360 1310 1413 1357 11-

192 1397 227 1469 οῶ
250 1399 313 1495 γῶρ
342 1398 477 1496 ἔγκειται
504 1399 538 1473 τδ
564 1400 661 1474 ἔντεα·
697 1400 776 1482 τινές
800 1400 832 1473 δέ
856 1399 991 1474 σθνθετον
1009 1398 1159 1473 ῶτονοοῶσι
1181 1403 1234 1490 τὴν
1255 1404 1347 1488 λέξιν,

195 1510 256 1606 (ἶν’
273 1510 314 1616 ᾗ)
338 1519 501 1618 ’λαμπράς
517 1514 688 1601 πανοπλίαις
705 1517 847 1615 ῖχοντεςί

245 1644 321 1727 687.
351 1634 499 1738 *σπουδῇ
517 1634 705 1710 έπαῖσσοντα
721 1646 787 1710 νεῶν
804 1633 887 1736 έχον]
902 1635 997 1733 μάγος
1014 1636 1133 1734 έπεῖχον
1149 1635 1199 1709 τῶν
1209 1636 1346 1734 Ἕκτορα
1359 1659 1465 1706 Μι-

192 1783 337 1848 ορμοιντα.

141 1894 179 1935 10
246 1878 322 1961 689.
350 1866 377 1943 οῖ
401 1872 457 1964 μὲν
482 1868 658 1970 Ἀθηναίων]
682 1871 735 1944 οὐκ
765 1870 894 1968 ἐτήρησε
925 1871 978 1959 τὴν
1007 1872 1100 1955 τάξιν.
1127 1868 1263 1969 τρῶτοος
1287 1874 1347 1968 γάρ

193 1983 262 2060 εἶπε
284 1987 433 2069 Βοιωτούς
452 1986 506 2088 (ll.
528 2016 556 2064 2.
571 1986 662 2088 494)·
689 1996 832 2083 κατεῖχον
849 1988 881 2061 δὲ
899 1987 940 2060 τδι
962 1991 1111 2085 τάγματα
1135 1998 1192 2060 τῶν
1214 1990 1348 2086 τεράτων

195 2104 321 2181 Βοιωτοί
338 2102 391 2177 καῖ
408 2104 630 2196 Ἀθηναῖοι,·έπῖ
653 2106 710 2197 μέν
732 2113 784 2177 τοῶ
803 2105 963 2203 Ιοἰριστεροῶ
979 2116 1087 2200 πρῶτοι
1109 2104 1192 2187 θντες
1212 2103 1346 2192 Βοιωτοί,

194 2221 244 2294 έτῖ
272 2224 302 2296 δέ
329 2232 382 2296 τοῶ
398 2224 493 2309 δεξιοῦ
511 2223 639 2320 ἐ’σχατοι
658 2221 740 2304 θντες
756 2222 917 2313 Ἀθηναῖοι.

247 2351 323 2435 690.
351 2339 540 2440 Μενεσθεάς]
569 2338 620 2412 καῖ
650 2342 792 2436 άλλαχοῶ
821 2350 840 2381 “
853 2336 981 2435 Στιχίος
1010 2339 1073 2422 δῖάς
1102 2373 1137 2415 τε
1165 2342 1347 2428 Μενεσθεύς,

143 2480 181 2539 15
194 2457 285 2556 άρχοῖ
301 2457 488 2549 Ἀθηναίοιν”
508 2457 615 2556 (195).

247 2586 323 2670 691.
342 2576 438 2673 αὗτδιρ
450 2575 577 2648 Ἐτειῶν
593 2567 763 2673 Φυλείδης]
775 2573 827 2645 καῖ
843 2575 904 2664 μην
915 2573 1124 2670 Ἀμφίμαχος
1141 2575 1192 2648 καῖ
1205 2578 1348 2657 Θάλπιος
1365 2608 1370 2618 ·

195 2692 328 2767 Ἠλείαν
336 2692 416 2784 ἦσαν
425 2692 571 2789 ἦγεμθνες
579 2691 632 2791 (ll.
643 2719 671 2768 2.
685 2690 773 2790 620).
790 2688 993 2789 Ἀρίσταρχος
1005 2692 1036 2765 δέ
1048 2693 1099 2765 καῖ
1112 2692 1179 2773 τοὺς
1191 2693 1224 2766 έκ
1234 2701 1350 2766 Δουλι-

195 2809 266 2906 χίου
280 2809 425 2893 Ἐπειοῖις
441 2821 545 2884 καλεῖ·
573 2811 611 2889 ῶς
627 2809 687 2906 γάρ
706 2809 738 2894 έξ
749 2804 881 2890 Ἤλιδος
894 2806 1042 2903 φυγάντος
1059 2808 1193 2897 Φυλέως,
1211 2809 1292 2892 εῖκδς
1314 2807 1349 2898 ἦν

195 2928 279 3027 αὗτῶ
292 2926 489 3023 σνναίρεσθαί
502 2961 585 3009 τινας
606 2922 641 2998 ῶν
656 2925 733 3024 ἦρχε
751 2927 874 3021 Μέγης·
903 2925 930 2997 εί
947 2923 979 2998 δέ
1000 2922 1113 2998 έκείνοιν
1130 2934 1176 2998 νῶν
1192 2928 1346 3020 μέμνηται

144 3073 184 3115 το
195 3041 324 3118 Ἐπειῶν
340 3055 397 3118 τῶν
420 3047 453 3130 ἓξ
471 3041 614 3130 Ἤλιδος,
631 3041 749 3116 πιθανῶν
766 3040 802 3115 οῖν
819 3041 866 3128 εῖη
883 3046 1021 3136 ἡγεῖσθαι
1040 3042 1135 3115 αὗτῶν
1152 3042 1291 3138 Μέγητα
1308 3045 1347 3125 ῶς

196 3165 329 3255 ὁμοεθνῆ·
354 3160 559 3257 Ἀμφίμαχος
572 3163 633 3261 γάρ
646 3159 701 3261 (11.
712 3188 760 3255 13·
773 3159 846 3259 186)
862 3157 914 3233 καῖ
932 3157 1051 3254 Διῶρης
1063 3157 1152 3259 (11.4.
1159 3159 1239 3259 517)
1255 3163 1284 3234 οῖ
1293 3173 1349 3233 τῶν

194 3277 326 3353 Ἠλείαν
337 3280 480 3352 δυνάσται
487 3276 655 3378 ἀνῄρηνται,
664 3274 898 3359 Θάλπιοςδέκαῖ
909 3277 1347 3372 Πολίξενοςτραοματίζονται.

247 3397 345 3493 αῶτδιρ
370 3395 510 3495 Ἐπειῶν]
534 3395 653 3492 μεταξὺ
676 3394 754 3485 ἦσαν
773 3392 932 3484 Ἀθηναίων
954 3390 1007 3466 καῖ
1028 3403 1154 3490 Λοκρῶν·
1183 3394 1229 3466 διθ
1253 3408 1350 3489 φησιν

197 3524 217 3553 “
227 3513 346 3587 Αῖαντα
362 3513 460 3608 ταχδν
476 3511 495 3603 ἢ
511 3514 630 3595 Φυλέος
648 3511 706 3586 υῖδν
722 3512 872 3601 άνστησον
884 3511 902 3539 ”
923 3511 977 3610 (Il.
1000 3539 1048 3587 10.
1066 3536 1138 3604 175,
1157 3511 1201 3611 6).

148 3664 183 3721 ²5
247 3642 323 3724 692.
352 3630 543 3720 *Φυλείδης
562 3664 598 3705 τε
624 3631 737 3727 Μέγης
764 3662 798 3703 τε
816 3629 957 3724 Ἀμφίαν
983 3661 1017 3702 τε
1043 3629 1174 3726 Δράκιθς
1193 3627 1244 3729 τε]
1268 3629 1347 3703 οὗτοι

194 3748 263 3821 άντῖ
280 3747 414 3847 Διῶρονς
430 3746 481 3823 καῖ
498 3747 709 3845 Ἀμφιμάχου
726 3745 911 3845 ἐτάχθησαν.

247 3877 325 3960 694.
352 3866 429 3948 νθθος
448 3864 525 3965 υἷάς]
542 3866 574 3950 έξ
589 3865 790 3962 Ἀλκιμάχης
806 3873 863 3953 τῆς
881 3863 997 3936 Αῖακοῶ
1015 3859 1049 3952 ἦν
1066 3865 1080 3934 ὁ
1097 3863 1205 3936 Μέδων
1225 3862 1332 3965 (695).

248 3993 324 4078 697.
353 3980 577 4081 *Ἐριῶτιδος]
593 3984 727 4077 Φέρητος
745 3980 778 4071 ἦν
794 3979 882 4069 αῶτη.

247 4129 323 4194 701.
351 4099 430 4181 Αῖας
448 4099 472 4172 δ’
484 4097 597 4198 οῶκέτι]
614 4108 660 4172 νῶν
675 4099 744 4180 τοὺς
764 4108 881 4193 Λοκρῶν
898 4095 1048 4193 ἡγεμθνας
1065 4100 1242 4195 καταλέγει.
1269 4097 1296 4198 θ.
1314 4099 1348 4173 τῖ

144 4252 183 4310 3ο
196 4218 227 4292 δέ
248 4226 271 4256 “
285 4214 424 4291 ῖστατο”
446 4214 538 4317 (702)
558 4215 722 4305 Ζηνθδοτος
741 4224 759 4254 “
773 4219 887 4313 χάζετο
897 4215 915 4242 ”
934 4217 1060 4312 γράφει.
1361 4237 1417 4284 A=

248 4361 323 4429 703.
352 4335 425 4407 ἀλλ’
443 4332 482 4414 ῶς
508 4338 537 4406 τ’
554 4333 583 4406 έν
606 4331 685 4432 νειῷ]
709 4335 763 4422 την
785 4334 870 4416 τάξιν
893 4342 948 4422 τῆς
973 4334 1113 4415 στάσεως
1137 4331 1189 4404 καῖ
1210 4335 1264 4423 τὴν
1280 4368 1349 4434 προ·
1362 4359 1415 4404 11=

195 4453 305 4546 θυμίαν
321 4456 340 4543 ἦ
357 4452 522 4551 παραβολὴ
542 4449 697 4523 δείκνυσιν.

248 4569 306 4657 βοέ
332 4565 443 4668 οῖνοπε]
465 4566 589 4649 οίνῶδεις
617 4568 660 4650 είς
688 4566 722 4640 τδ
751 4570 830 4665 θρῖον·
864 4563 890 4641 οῖ
920 4567 952 4640 δὲ
981 4566 1121 4662 μέλανες,
1148 4568 1187 4649 ῶς
1212 4575 1233 4611 “
1247 4566 1416 4641 ofvm13=

237 4802 266 4862 5.
288 4793 355 4864 post
373 4810 402 4848 π.
418 4786 485 4847 add.
501 4807 555 4848 nec.
570 4791 604 4845 ῶς
623 4791 720 4861 χαρίεις
739 4790 870 4861 χαρίεντος
893 4798 903 4853 ΙΙ
930 4788 956 4844 6.
976 4787 1009 4842 τὰ
1022 4787 1043 4844 ἶ,
1068 4797 1077 4851 ΙΙ
1113 4799 1139 4861 7.
1162 4787 1298 4864 supplevi
1312 4809 1348 4848 ex

194 4868 221 4931 B
244 4880 255 4937 Ι
281 4887 328 4942 14.
342 4892 373 4927 τε
386 4875 452 4947 post
466 4871 568 4944 Στιχίος
581 4869 667 4928 omisi
684 4881 694 4936 ss
715 4889 761 4946 19.
779 4872 955 4944 ονναιροῖοθοι
978 4879 988 4934 η
1016 4885 1063 4925 20.
1076 4871 1109 4926 ἂν
1124 4868 1162 4940 εἴη
1178 4870 1210 4927 αὖ
1224 4869 1349 4943 Bekker,

193 4953 226 5008 ἂν
238 4950 277 5023 εἴη
291 4953 324 5008 ἂν
345 4963 357 5018 ΙΙ
384 4969 430 5024 24.
452 4954 556 5009 Φυλέως
579 4964 589 5017 ΙΙ
612 4953 710 5027 άνοιγον

238 5066 311 5111 101.
327 5065 373 5111 11.
736 5068 756 5111 Ε
