2984 5474
188 720 252 783 ουν
608 725 780 784 1111101
803 724 826 783 1.
850 717 920 807 (9)

184 889 285 972 Ἥρας
301 889 416 971 τεμίνει
430 893 595 973 λεγόμενος
611 897 800 958 καλλιστεῖα.
822 890 889 970 ήδέ
900 889 1024 972 Λέσβος
1039 892 1133 969 νῆσός
1149 892 1239 954 έστιν
1255 891 1290 954 έν
1301 889 1343 973 τῷ

190 995 307 1080 Αίγαίφ
333 993 462 1077 πελάγει
486 997 592 1062 πόλεις
618 996 734 1080 ἔχουσα
757 994 782 1061 ε’
800 994 971 1061 Ἄντισσαν
989 993 1146 1076 Ἔρεσσον
1170 991 1345 1072 Μήθυμναν

190 1099 313 1178 Πύρραν
325 1097 503 1178 Μιτυλήνην
519 1104 584 1163 A:
1251 1165 1254 1169 .

237 1220 308 1285 131.
331 1198 399 1289 τάς]
416 1201 609 1285 ἐπανάληψις
742 1216 813 1285 145.
836 1200 985 1291 Λαοδίκη]
1000 1200 1019 1280 ἣ
1036 1202 1085 1266 καὶ
1098 1201 1259 1281 Ἠλέκτρα

156 1321 176 1382 5
330 1303 532 1394 Ἰφιάνασσα]
549 1304 567 1385 ή
585 1307 634 1370 καὶ
647 1305 816 1391 Ἰφιγένεια

237 1408 308 1489 146.
331 1406 491 1497 ἀνάεδνον]
508 1410 579 1474 άνεν
595 1410 688 1475 ἔδνων

331 1513 403 1577 έδνα
417 1512 454 1576 τά
470 1513 530 1577 άπὸ
545 1518 597 1576 τοῦ
610 1513 719 1594 ἀνδρὸς
733 1515 896 1596 φερόμενα,
907 1512 985 1596 (οὔ)
996 1515 1035 1577 τὰ
1049 1512 1110 1577 άπδ
1124 1515 1179 1591 τῆς
1193 1512 1338 1594 γυναικός

236 1632 307 1699 147.
329 1611 448 1703 μείλια]
474 1617 710 1695 ἐκμειλίσσοντα
731 1616 801 1683 τοὺς
826 1616 945 1699 ἄνδρας.
976 1616 1032 1697 τήν
1055 1620 1166 1697 προῖκα
1191 1616 1226 1679 δὲ
1256 1613 1344 1696 λέγει

148 1803 151 1815 Ι
190 1720 246 1799 τὴν
260 1718 353 1798 ήδέως
368 1720 576 1800 διατιθεμένην
593 1720 667 1784 κατά
682 1719 789 1803 ψυχήν
802 1720 868 1789 A÷

140 1849 177 1889 10
237 1835 308 1907 153.
331 1819 528 1911 ἠμαθόεντος]
545 1825 732 1907 ψαμμώδους

237 1927 309 2008 156.
331 1923 477 2014 λιπαράς]
511 1928 737 2010 λιπαροποιοάς·
775 1928 825 1991 καὶ
856 1924 1005 1993 Ἡσίοδος
1033 1925 1132 2012 (opp.
1165 1922 1244 2010 227)
1276 1922 1345 2008 περὶ

189 2032 284 2110 τῆσδε
300 2036 320 2066 “
328 2035 409 2093 τοῖσι
428 2030 537 2108 τέθηλε
552 2032 652 2106 πόλις,
668 2028 739 2095 λαοὶ
753 2027 780 2094 δ’
799 2032 944 2096 ἀνθοῦσιν
959 2032 994 2096 έν
1008 2030 1110 2116 αότῇ”

237 2147 308 2218 159.
331 2129 489 2221 ἔχθιστος]
507 2132 642 2214 ὀἈιδης

238 2253 310 2320 171.
334 2234 522 2324 εθφημῆσαι]
548 2236 683 2319 εὔφημον
709 2237 759 2302 καλ
782 2237 924 2302 εὔτακτον
950 2235 1154 2321 φθέγξασθαι·
1185 2238 1256 2302 οθδέ
1286 2239 1345 2320 γὰρ

141 2363 177 2424 15
191 2343 242 2407 ἐπὶ
256 2348 309 2406 τοῦ
324 2343 455 2421 ὑμνῆσαι
471 2342 589 2422 εὕρηται
605 2340 686 2423 παρὰ
701 2341 743 2425 τῷ
758 2339 881 2426 Ὁμήρῳ

238 2446 309 2509 180.
332 2447 499 2510 δενδίλλων
514 2447 545 2510 ἐς
560 2440 703 2532 ἕκαστον]
721 2449 811 2509 δινῶν
825 2443 894 2512 τοὺς
909 2445 1014 2512 ίλλονς
1030 2446 1074 2512 είς
1089 2444 1143 2509 ένα
1158 2444 1292 2509 ἕκαστον

237 2549 309 2612 181.
333 2542 455 2634 πειρᾶν]
471 2547 623 2628 πειράζειν

237 2652 309 2733 187.
334 2657 355 2687 “
368 2650 481 2734 ζυγάν”
498 2657 552 2716 τὸν
567 2655 667 2734 πῆχυν
688 2655 742 2730 τῆς
764 2650 894 2734 κιθάρας,
914 2649 1104 2737 φέγκεινται
1127 2654 1157 2716 01
1178 2651 1347 2734 κόλ<λ>α·

192 2762 257 2836 βοι·
279 2756 355 2819 οὕτω
371 2756 404 2819 δὲ
421 2754 563 2838 λέγονται
586 2757 616 2818 01
634 2753 803 2832 πάσσαλοι,
820 2758 862 2820 ὧν
882 2752 1061 2834 ἓξάπτονται
1082 2757 1115 2818 οί
1129 2755 1247 2837 χορδαί,
1263 2754 1346 2836 παρὰ

139 2885 178 2927 20
192 2857 227 2922 τδ
246 2860 451 2936 κεκολλήσθαι
467 2864 531 2920 A:

238 2981 310 3046 199.
332 2955 482 3048 προτέρω]
500 2964 543 3029 είς
558 2962 767 3044 τοῦμπροσθεν
783 2967 846 3033 A÷

236 3066 310 3133 206.
335 3063 495 3153 (repetem
510 3065 578 3145 ήτοι
594 3068 764 3150 κρεωδάχον
779 3068 904 3150 άγγεῖον
914 3072 977 3137 A÷

333 3170 425 3252 πυρὸς
443 3166 534 3257 αὐγῇ]
551 3173 592 3256 τῷ
608 3172 678 3252 πυρὶ
692 3172 835 3251 δηλονότι

237 3273 311 3339 208.
334 3270 466 3360 ἀλοιφῇ]
483 3275 524 3359 τῷ
540 3275 625 3338 λίπει
714 3292 786 3360 213.
811 3272 975 3364 στορέσας]
994 3276 1212 3358 καταστρώσας

141 3396 179 3456 25
237 3393 310 3455 214.
334 3377 403 3441 ἔθος
424 3383 512 3441 τοῦτο
532 3382 596 3446 τοῖς
616 3379 821 3459 στρατιώταις,
843 3382 920 3443 έπδν
935 3381 1022 3443 ίδωσι
1041 3379 1270 3460 θερμανθέντων
1284 3385 1348 3445 τών

193 3485 287 3562 κρεῶν
303 3480 400 3559 ζωμδν
415 3482 623 3561 ὀναπηδώντα,
638 3486 799 3562 τηνικαῦτα
818 3485 914 3563 αίρειν
929 3483 963 3546 τὸ
985 3483 1159 3563 ὀπτώμενον
1179 3484 1229 3547 καὶ
1253 3483 1349 3548 άλατι

192 3581 387 3657 ἐπιτάσσειν,
403 3585 453 3650 ίνο
469 3586 485 3647 ὀ
504 3584 599 3664 ζωμὸς
622 3586 707 3652 έντὸς
721 3583 886 3668 κατέχηται
901 3586 1073 3665 ὀπτώμενος
1088 3586 1146 3650 ὑπὸ
1160 3591 1214 3650 τοῦ
1229 3586 1349 3653 άλατος

334 3682 535 3775 κρατευτάων]
551 3685 570 3767 ή
585 3693 645 3752 τῶν
659 3688 757 3754 λίθων
771 3693 836 3758 A÷

237 3804 310 3872 215.
333 3787 483 3877 έλεοῖσιν]
499 3796 686 3873 μαγειρικαῖς
703 3790 863 3872 τραπέζαις
879 3796 968 3861 1134

140 3919 179 3975 30
239 3912 312 3972 241.
337 3889 520 3981 <στεῦται>]
543 3897 624 3977 παρὰ
644 3894 679 3958 τδ
702 3898 821 3973 στήθος,
839 3896 906 3960 οίον
928 3898 961 3961 έν
979 3900 1042 3963 τοῖς
1065 3895 1194 3976 στήθεσι
1214 3901 1350 3962 διανοεῖ·

193 3999 349 4061 ται-ἐκεῖ
369 4000 427 4078 γδρ
445 4003 480 4059 τὸ
502 3999 687 4080 λογιστικόν,
702 3999 745 4064 ώς
763 4005 860 4079 φησιν
875 3999 962 4066 οὗτος
978 4007 995 4035 “
1006 4003 1118 4078 στῆθος
1140 4000 1173 4064 δέ
1195 3999 1319 4081 πλήξας
1330 3997 1347 4025 ”

192 4095 473 4185 (Οά.20.17)-ή
493 4103 574 4182 παρδ
595 4100 630 4164 τδ
653 4107 715 4165 στῶ
738 4102 846 4181 στεάω,
868 4102 908 4169 ὣς
929 4101 1014 4167 α’θλῶ
1037 4104 1180 4182 άεθλεώω,
1203 4105 1349 4170 στεώεται

193 4204 244 4267 καὶ
260 4205 396 4289 συγκοπῇ
413 4213 432 4240 “
446 4209 568 4268 στεῦται
577 4203 595 4228 ”

237 4325 311 4392 324.
334 4313 431 4374 κακῶς
445 4305 473 4372 δ’
487 4307 546 4388 άρα
560 4310 589 4373 οἱ
604 4307 691 4374 πέλει
706 4306 794 4396 αὐτῇ]
812 4308 878 4388 ήτοι
893 4310 1000 4379 άσιτος
1015 4310 1088 4390 αὐτή
1104 4309 1250 4394 τυγχάνει

140 4429 179 4490 35
236 4412 311 4496 326.
333 4409 535 4500 διέπρησσον]
552 4411 674 4493 διήνυον

233 4529 308 4600 327.
332 4510 445 4602 ὀάρων]
462 4517 495 4579 έκ
517 4520 570 4579 τοῦ
590 4514 652 4597 άρω
674 4522 709 4581 τδ
730 4520 847 4601 δρμόζω
871 4521 946 4583 κατὰ
964 4517 1129 4599 μετάθεσιν
1152 4520 1221 4596 ὀαρ.

334 4617 432 4699 ὀάρων
447 4618 535 4684 ἕνεκα
551 4618 743 4708 σφετεράων]
759 4621 827 4701 ήτοι
841 4626 894 4702 τῆς
909 4622 1039 4703 Ἑλένης

237 4740 311 4807 330.
334 4717 428 4811 τάων]
445 4724 591 4787 Αίολικόν
720 4722 859 4814 πασέων]
875 4723 1010 4791 Ἰωνικόν

226 4843 250 4892 8.
267 4839 465 4902 έκμειλίσσονται
485 4846 496 4901 ΙΙ
517 4857 541 4906 9.
559 4842 591 4891 τὰ
601 4841 664 4893 κατὰ
675 4844 699 4894 D
720 4849 730 4905 ΙΙ
752 4859 788 4895 12.
806 4861 839 4895 1111
850 4845 893 4906 τῆς
904 4844 968 4908 δίκης
978 4862 1024 4911 pro
1034 4845 1127 4906 τῆσδε]
1146 4851 1157 4906 ΙΙ
1178 4857 1217 4910 14.
1234 4844 1348 4897 ἄτακτον

194 4913 205 4968 ΙΙ
225 4906 263 4957 16.
281 4907 352 4955 δινῶν
362 4908 404 4958 Et.
416 4908 471 4958 11:
490 4906 588 4957 δινεύων
605 4915 616 4970 ΙΙ
637 4923 674 4958 22.
691 4910 780 4973 κρεωδό
800 4928 828 4958 ον
844 4912 886 4961 Et.
902 4911 949 4968 M„
965 4910 1097 4975 κρεοδόχον
1108 4913 1151 4961 A:
1167 4911 1271 4974 κρεῶδες
1281 4911 1347 4976 ἔχον

193 4979 204 5033 l!
225 4973 263 5022 16.
280 4972 444 5022 άνατοδῶνται
463 4978 474 5034 n
492 4980 577 5022 αυλατι
589 4976 667 5040 legin
691 4986 728 5040 27.
747 4928 816 5026 ὀκτδς
837 4982 847 5037 ΙΙ
865 4975 1015 5038 συττόμενοτ
1029 4982 1041 5039 ΙΙ
1059 4983 1162 5027 ονλατοτ
1180 4982 1191 5040 ΙΙ
1213 4991 1254 5042 31.
1271 4984 1346 5043 λογι-

191 5037 278 5088 στικόν
289 5039 331 5088 Et.
344 5039 397 5088 ΜΛ
415 5037 489 5101 λοξὸν
508 5044 518 5100 ΙΙ
537 5040 630 5103 πλῆξεν
