2984 5474
184 676 249 738 580
584 675 755 737 ιλιιαον
777 675 815 738 λ.
838 669 930 758 (ιι)

327 838 528 931 ῥαθάμιγγες]
546 845 578 907 αἱ
592 844 712 927 ῥανίδες
726 843 795 906 A:

230 966 304 1035 539.
325 949 454 1028 μίνυνθα
469 951 502 1012 δέ
513 946 623 1031 χάζετο
635 943 754 1035 δουρός]
767 948 837 1012 οὐδὲ
847 948 955 1030 ὀλίγον
966 948 998 1012 δὲ
1007 946 1161 1029 θπεχιίρει
1175 944 1219 1030 τῷ
1236 943 1341 1024 δόρατι

230 1069 304 1135 540.
328 1049 531 1141 ἐπεπωλεῖτο]
555 1055 630 1117 οὕτω
650 1052 801 1136 γράφεται
821 1055 902 1135 παρδ
920 1054 962 1138 τῷ
982 1054 1101 1138 ποιητῇ·
1122 1049 1293 1132 γίνεταιδέ
1309 1047 1341 1109 ἐκ

188 1162 240 1222 τοῦ
255 1157 340 1221 πέλω
355 1163 459 1230 πωλῶ,
476 1157 516 1224 ὥς
532 1155 655 1238 στρέφω
670 1162 801 1238 στρωφῶ

155 1280 173 1338 5
231 1274 305 1342 541.
328 1255 554 1347 χερμαδίοισιν]
571 1260 644 1332 νάει,
660 1259 707 1322 ὅτι
723 1260 789 1343 είχε
805 1258 906 1326 ἐπάνω
921 1265 974 1325 τοῦ
990 1258 1123 1340 άρματος
1137 1258 1247 1321 λίθους

231 1365 305 1446 548.
327 1360 579 1449 με(σ>σαύλοιο]
597 1367 649 1443 τῆς
664 1363 819 1430 ἐπαύλεως

232 1481 307 1550 552.
330 1463 479 1555 πρήσσει]
496 1465 687 1551 πράσ(σ>ει,
704 1467 787 1533 άνύει
802 1466 873 1529 A·-

330 1571 451 1655 θαμέες]
464 1572 505 1638 ὣς
519 1570 589 1651 ὀξὺς
604 1569 700 1650 ὀξέος,
715 1573 792 1636 οὕτω
809 1573 858 1637 καῖ
873 1571 967 1654 θαμδς
982 1569 1093 1652 θαμίος

232 1688 306 1758 555.
328 1671 440 1763 ήιῖθεν]
457 1675 559 1756 έωθεν,
575 1678 683 1759 ὄρθρου
696 1674 768 1738 Α-

139 1807 175 1847 ιο
330 1781 389 1844 άπδ
405 1781 519 1862 νόσφιν
534 1775 609 1867 ἐβη]
625 1779 692 1860 ήτοι
708 1782 860 1864 ἐχωρίσθη
876 1778 957 1842 A=·
1077 1769 1226 1862 τετιηότι]
1246 1778 1340 1837 λελυ-

189 1883 309 1970 πημένιρ
324 1883 394 1946 A:
1057 1979 1060 1985 ‚
1107 1973 1108 1978 Ἰ

232 2001 306 2072 559.
330 1984 443 2076 νωθής]
460 1989 551 2071 άργιίς
566 1989 633 2061 A÷
770 1987 845 2069 561.
868 1983 940 2076 βίη]
958 1985 1047 2070 ίσχύς
1152 2014 1155 2020 ’

324 2087 433 2179 νηπίη]
449 2089 581 2171 άσθενής
668 2090 744 2173 568.
766 2086 977 2178 τρωπάσκετο]
993 2088 1135 2171 ἐτρέπετο
1151 2089 1221 2150 A:

233 2197 307 2277 588.
331 2192 558 2284 ἐλελιχθέντες]
576 2194 814 2278 ἐπιστραφέντες
829 2196 899 2257 A:

140 2331 175 2388 15
331 2300 438 2379 νηλεὲς
452 2295 545 2387 δναν]
563 2299 619 2379 τὴν
633 2300 747 2379 dmm,
762 2298 875 2381 ἡμέραν

167 2479 170 2484 1
232 2415 306 2484 594.
331 2398 447 2491 ἀντίος]
463 2402 538 2466 κατὰ
553 2403 720 2484 πρόσωπον

233 2508 307 2570 601.
332 2502 672 2595 δῶκα-δακρυόεσσαν]
688 2507 744 2587 τήν
759 2504 863 2586 δίωξιν
878 2505 934 2586 τήν
949 2507 1049 2570 αίτίαν
1064 2505 1200 2588 δακρύων
1213 2503 1284 2573 Λῖ-

233 2609 307 2675 621.
331 2607 543 2700 άπεφύχοιπο]
561 2609 719 2692 ἐξήραινον
851 2611 924 2695 630.
947 2603 1097 2696 χάλκεον]
1113 2613 1133 2646 “
1143 2607 1291 2692 χάλκειον
1302 2605 1320 2632 ”
1339 2658 1345 2666 .

332 2715 413 2799 ποτῷ
437 2709 533 2802 ὄψον]
550 2713 617 2794 ήτοι
632 2714 757 2780 ποτικὸν
772 2715 863 2796 ὄψον,
884 2714 902 2775 δ
924 2714 991 2777 ἐστι
1013 2711 1209 2795 προσφάγιον
1230 2713 1344 2792 δίψους

139 2839 177 2880 νο
190 2818 474 2900 παρασκευαστικόν
489 2816 557 2879 Α-

234 2920 308 3006 631.
331 2918 480 3008 ἀλφίτου]
496 2920 564 3001 ἤτοι
579 2921 670 3004 άρτου
681 2921 750 2984 A:
887 2920 962 3006 639.
984 2916 1054 3004 κνή]
1069 2918 1250 3002 ἐκοφεάε

233 3025 308 3103 640.
333 3019 455 3112 κνήστι]
471 3024 507 3110 τῇ
523 3025 658 3110 μαχαίρη
788 3022 862 3102 642.
886 3018 1017 3110 άφίτην]
1034 3021 1101 3102 ήτοι
1116 3023 1241 3104 δφῆκαν

235 3128 309 3210 647.
332 3123 491 3215 ἑτέρωθεν]
508 3129 541 3192 ἐκ
557 3133 609 3191 τοῦ
625 3125 728 3209 ἐτέρου
740 3126 849 3209 μέρους
978 3128 1052 3211 649.
1076 3122 1108 3215 δ]
1125 3127 1211 3194 ὅστις

235 3230 310 3315 669.
332 3224 532 3317 γναμπτοῖσι]
549 3235 612 3297 τοῖς
627 3227 847 3310 καμπτομένοις

140 3368 177 3428 ²5
235 3335 309 3417 673.
332 3333 482 3417 γράφεται
504 3333 664 3398 “Ἧλιδι”
689 3335 738 3398 καὶ
761 3338 870 3399 δασεῖα
893 3333 942 3398 καί
963 3332 1053 3415 φυλή·
1076 3331 1125 3398 καὶ
1147 3335 1175 3399 εί
1196 3332 1256 3413 μέν
1276 3335 1345 3399 ἐστι

191 3444 309 3512 δασεῖα,
331 3439 447 3521 γίνεται
471 3437 531 3502 άπδ
553 3443 605 3500 τοῦ
627 3438 721 3515 δλίζω
744 3443 778 3501 τδ
801 3439 995 3519 συναθροίζω·
1018 3438 1179 3503 ἐτελοῦντο
1200 3437 1260 3521 γὰρ
1282 3438 1347 3502 ἐκεῖ

191 3543 229 3606 τὰ
243 3543 398 3623 Ὀλύμπια
421 3542 470 3605 καὶ
490 3543 702 3624 συνηθροίζετο
722 3542 799 3608 λαδς
818 3541 923 3609 πολύς·
946 3544 996 3607 διδ
1015 3547 1090 3625 γοῦν
1104 3541 1139 3606 τδ
1158 3542 1256 3619 δλίζω
1270 3540 1346 3625 γρά-

191 3653 283 3728 φεται
298 3651 417 3711 δασεῖα·
441 3647 468 3711 εί
483 3647 517 3709 δέ
531 3644 620 3728 ψιλή,
637 3649 740 3728 φαμὲν
755 3648 802 3711 ὅτι
817 3645 853 3710 τδ
866 3657 886 3726 ῆ
901 3651 960 3727 πρδ
975 3632 1065 3709 τοΰλ
1079 3650 1227 3728 φιλοῦται

235 3753 309 3832 679.
333 3747 500 3838 συβόσεια]
517 3753 725 3835 χοιροφόρβια
854 3747 985 3839 πλατέα]
1003 3750 1125 3835 μεγάλα

140 3891 179 3949 30
235 3854 309 3933 684.
332 3850 420 3942 τύχε]
438 3852 600 3936 κατέτνχεν

235 3958 308 4038 685.
332 3958 454 4039 κήρυκες
476 3955 504 4022 δ’
527 3953 696 4045 ἐλίγαινον]
721 3959 751 4021 οί
773 3963 834 4025 τιῖν
856 3959 983 4022 Πυλίων
1004 3956 1128 4038 κήρυκες
1154 3956 1249 4038 θξέως
1272 3960 1346 4024 ἐπε·

192 4067 339 4127 καλοῦντα
368 4061 499 4135 τούτους,
523 4062 568 4129 οῖς
594 4062 798 4143 ὀφειλόμενον
824 4061 861 4142 ήν
885 4064 920 4126 ἐν
946 4060 1119 4148 τῇἨλιδι,
1145 4067 1280 4144 δραμεῖν,
1306 4062 1347 4128 ῖις

192 4164 455 4247 δφαρπασθέντων
471 4165 567 4229 αιἰτῶν
582 4171 642 4232 τῶν
657 4164 833 4248 θρεμμάτων
848 4186 907 4230 ree.

237 4267 310 4331 686.
333 4264 415 4355 ίμεν]
433 4268 615 4350 πορεύεσθαι
746 4269 819 4334 688.
841 4265 976 4358 Ἐπειοί]
993 4270 1022 4333 οῖ
1038 4267 1160 4335 Ἠλεῖοι
1175 4268 1244 4339 A÷

140 4413 178 4471 35
236 4373 309 4455 694
332 4367 431 4460 ταῦθ’]
449 4371 498 4437 διά

238 4491 310 4556 704.
333 4474 452 4540 άσπετα
469 4471 587 4563 πολλά]
605 4478 638 4541 ἐκ
657 4474 858 4558 παραλλήλου
872 4476 907 4541 τδ
922 4478 996 4543 αιίτό

238 4590 310 4661 705.
333 4576 555 4668 ἀτεμβόμενος]
574 4580 888 4663 στερισκόμενοςΑε
1024 4576 1109 4668 ἴσης]
1126 4580 1212 4661 τιμῆς

237 4699 310 4764 711.
332 4678 452 4769 αἰπεῖα]
467 4681 574 4765 ὑψηλή
707 4700 779 4764 720.
801 4683 1000 4769 μετέπρεπον]
1016 4683 1184 4767 ἐνέπρεπον

238 4800 310 4872 723.
332 4781 477 4874 Ἀρήνης]
494 4790 546 4866 τῆς
564 4790 683 4854 πόλεως
697 4793 751 4868 τῆς
767 4789 872 4853 Πύλον
887 4790 956 4852 A:

191 4951 193 4956 ·
225 4936 247 4984 η,
264 4920 328 4971 οὕτω
338 4938 389 4972 non
399 4928 496 4973 eertum
515 4928 525 4984 ΙΙ
544 4936 566 4986 5.
576 4921 681 4986 άρματος
692 4924 740 4975 W:
757 4924 878 4988 αἵματος]
898 4938 936 4990 ν5,
948 4923 1067 4990 γράφεται
1076 4925 1157 4976 Ἤλιδι
1169 4924 1275 4993 aripti:
1295 4924 1352 4977 ἐπ’*

192 4989 241 5052 legi
255 4994 265 5047 ΙΙ
279 5001 318 5049 32.
331 4988 427 5050 δραμεῖν
437 4989 464 5037 ἐν
475 4987 507 5054 τῇ
519 4988 598 5037 Ἤλιδι
