2984 5474
555 683 725 742 1111101
750 683 785 742 E.
808 678 874 766 (5)
1224 673 1287 735 511

187 851 257 916 186.
276 848 445 940 εἰλυμένος]
463 850 685 931 κεκαλυμμένος
821 851 893 931 187.
913 846 1089 932 κιχήμενον]
1105 846 1290 925 κατειληφός

186 973 258 1034 192.
282 955 440 1038 ἐπιβαίην]
457 955 516 1037 ἐγιό
651 965 722 1035 195.
746 949 927 1039 πέπτανται]
944 952 1101 1032 ήπλωνται

185 1058 257 1142 196.
281 1054 405 1146 όλύρας]
424 1059 502 1124 εἶδος
518 1058 679 1140 κριθόδους
694 1063 809 1138 καρποῦ

185 1180 258 1226 200.
280 1162 420 1246 ἀρχεύειν
449 1161 605 1244 Τρύεσσι]
634 1159 701 1239 ήτοι
730 1166 790 1224 τῦν
820 1158 947 1224 Ζέλειαν
972 1159 1066 1224 πόλιν
1094 1157 1207 1239 Τροίας
1244 1156 1289 1220 οί-

140 1264 273 1331 κούντων
287 1266 354 1335 A÷
492 1264 647 1349 ἀρχεύειν]
662 1263 805 1346 ἡγεῖσθαι
820 1275 1324 1334 10115

186 1386 257 1453 203.
281 1369 397 1451 ἀνδρῶν
412 1364 590 1455 εἰλομένων]
606 1368 719 1450 Τρόων
734 1366 977 1449 συγκλειομένων

186 1472 258 1536 208.
281 1467 403 1600 ἤγειρα]
418 1471 544 1552 ήρέθισα
676 1489 750 1534 210.
773 1466 830 1558 τῷ]
847 1471 951 1554 ἐκείνῳ

187 1575 259 1640 218.
280 1574 348 1656 μηδ’
365 1578 458 1642 οὕτως
473 1571 611 1662 ἀγόρευε]
628 1579 770 1655 μηδαμῶς
786 1575 863 1637 οθτω
877 1572 951 1656 λέγε
966 1571 1036 1635 A:

187 1695 259 1757 224.
282 1674 423 1766 πόλινδε]
441 1680 484 1744 είς
502 1676 637 1756 τήνΑε

187 1782 259 1846 226.
283 1775 483 1869 σιγαλόεντα]
499 1784 536 1844 τῦ
553 1780 717 1864 κατέχοντα
731 1781 800 1848 τοὺς
815 1781 925 1847 ἵππους
947 1777 997 1843 καὶ
1019 1781 1202 1859 ἐμποιοῦντα
1223 1777 1292 1843 τού-
1310 1792 1347 1832 ¹0

143 1910 205 1951 τοις
222 1885 313 1967 σιγήν
328 1886 377 1949 καὶ
392 1885 519 1966 ἠρεμίαν
652 1885 722 1951 228.
745 1879 847 1971 τόνδε]
864 1888 916 1947 τὸν
932 1883 1090 1962 Διομήδην

187 2006 259 2072 233.
280 1983 468 2076 ματήσετον]
485 1990 615 2066 ματαίαν
630 1988 727 2071 ἔχωσι
742 1988 798 2067 τήν
812 1988 980 2069 προθυμίαν

188 2109 260 2176 234.
282 2087 367 2179 τεόν]
384 2098 438 2157 τὸν
453 2092 512 2156 σόν

188 2212 260 2272 240.
283 2192 476 2281 ἐμμεμαῦτα]
493 2194 739 2277 προθυμούμενον
753 2193 822 2257 A:
958 2191 1047 2282 έχου]
1063 2193 1197 2272 ἤλαυνον
1211 2192 1280 2256 A:

188 2299 259 2379 258.
275 2301 305 2364 εί
313 2297 341 2382 γ’
356 2299 410 2364 οῦν
422 2299 523 2381 ἕτερός
537 2325 574 2381 γε
589 2293 739 2386 φύγῃσιν]
753 2300 780 2362 εί
794 2295 831 2376 δή
847 2323 893 2365 τις
904 2298 1002 2361 αύτῦν
1011 2297 1153 2385 διαφύγῃ,
1167 2303 1227 2366 τῦν
1241 2297 1294 2361 δύο
1310 2316 1346 2376 15

144 2422 203 2465 τοο.
217 2400 284 2471 A÷

189 2507 261 2583 264.
284 2504 347 2585 μετ’
365 2502 556 2592 ἐυκνημῖδας]
574 2505 648 2586 πρδς
663 2505 732 2572 τούς
748 2503 817 2567 A:

188 2607 260 2691 265.
283 2613 335 2688 τῆς
350 2609 408 2692 γόρ
423 2635 470 2674 τοι
484 2604 606 2697 γενεῆς]
623 2610 704 2674 εἰσὶν
720 2610 749 2672 οἱ
765 2611 854 2673 ίπποι
982 2605 1080 2698 Τρωί]
1097 2611 1138 2694 τῷ

188 2711 260 2775 266.
284 2709 406 2801 ποινήν]
424 2713 603 2790 ἀντέκτισιυ,
618 2711 732 2794 δωρεόν

190 2816 261 2895 267.
276 2815 325 2880 ὑπ’
335 2816 378 2895 ήῶ
390 2817 417 2880 τ’
427 2816 531 2896 ήέλιόν
540 2812 587 2904 τε]
598 2818 953 2899 περιφραστικῦςῦπδτδ
963 2821 1090 2898 φῦςτοῦ
1100 2815 1289 2896 κόσμουΑε
1310 2846 1348 2886 20

189 2933 261 2999 270.
284 2915 428 3007 γενέθλη]
445 2919 535 3002 γέννα
549 2941 610 2983 ree.
624 2920 694 2982 A:
767 2933 840 3000 271.
864 2915 1024 3008 ἀτίταλλε]
1042 2920 1207 3003 ἀνέτρεφεν
1219 2920 1290 2982 A:

189 3021 262 3103 276.
285 3018 352 3111 τόν]
370 3023 422 3088 τὸν
439 3022 595 3103 Διομήδην

283 3125 437 3193 Λυκάονος
453 3126 568 3209 ἀγλαὸς
583 3122 663 3214 υἱός]
681 3128 698 3190 ό
713 3125 873 3209 Πόνδαρος

189 3228 261 3312 287.
275 3228 427 3312 ἤμβροτες
437 3226 498 3293 οὐδ’
509 3226 630 3318 ἔτυχες]
643 3231 882 3311 ἀντιφραστικῦς
892 3228 1040 3312 ἀπέτυχες
1110 3227 1209 3319 σφῦι]
1220 3233 1297 3313 ῦμᾶς

189 3331 262 3412 289.
279 3328 368 3420 ἀσαι]
381 3332 504 3413 κορέσαι
513 3339 674 3414 πληρῶσαι
683 3353 742 3396 rec.
758 3334 829 3396 Α-
1311 3359 1349 3418 25

289 3433 485 3524 ταλαύρινον]
496 3438 717 3516 ῦπομονητικόν
730 3435 762 3498 Α
770 3454 797 3509 ÷
919 3444 923 3456 '

189 3556 262 3623 291.
286 3538 425 3616 ζητεῖται,
441 3545 503 3605 πῶς
524 3537 694 3618 Διομήδους
715 3541 772 3619 μέν
787 3540 1000 3607 ἀκοντίσαντος
1018 3541 1120 3619 πεζοῦ,
1136 3541 1297 3625 Παυδόρου

145 3642 178 3707 δέ
190 3642 250 3706 ἀπό
260 3641 399 3724 όρματος,
416 3643 509 3709 ούτως
525 3645 557 3707 ἐκ
573 3647 626 3705 τοῦ
642 3642 815 3723 κοιλοτέρου
825 3645 994 3724 φερόμενον
1006 3643 1040 3707 τὸ
1055 3645 1126 3726 δόρυ
1138 3647 1296 3727 καταφερῆ

145 3746 292 3824 πεποίηκε
313 3745 368 3824 τὴν
383 3750 505 3827 τρῦσιν·
530 3745 597 3809 ἐστι
617 3747 649 3809 δέ
672 3745 784 3828 λέγειν,
801 3747 848 3811 ότι
870 3752 990 3827 πρῶτον
1010 3748 1067 3825 μέυ
1084 3747 1242 3830 (Ἀθηνᾶ)
1260 3747 1297 3828 ήν

145 3844 164 3923 ή
181 3843 402 3910 κατευθύνουσα
418 3843 500 3922 αύτό,
515 3841 533 3930 ᾗ
549 3844 585 3922 ἣν
600 3844 728 3909 δυνατόν
742 3848 831 3907 τοῦτο
847 3847 981 3923 ποιήσαι,
998 3843 1092 3909 ἔπειθ’
1110 3845 1155 3909 ότι
1171 3871 1296 3929 προεπι-
1311 3883 1350 3940 30

146 3948 256 4014 νεύσας
282 3948 299 4011 ό
321 3947 480 4029 Πόνδαρος
504 3947 591 4012 ἐνεκα
621 3953 673 4011 τοῦ
703 3945 883 4025 θεόσασθαι,
907 3949 934 4011 εί
963 3949 1083 4029 καιρίως
1110 3951 1253 4031 τέτρωται
1280 3952 1298 4014 ό

147 4049 309 4130 Διομήδης,
326 4052 419 4116 ούτως
435 4048 552 4130 ἐβλήθη
577 4053 627 4114 διδ
649 4052 701 4127 τῆς
721 4050 804 4133 ῥινὸς
826 4051 882 4130 τήν
896 4056 1053 4133 γλῦσσαν·
1076 4051 1106 4114 οἳ
1129 4051 1171 4128 δέ,
1194 4054 1242 4116 ότι
1264 4055 1298 4117 ἐν

146 4153 316 4234 ἀνωμάλοις
330 4156 436 4220 τόποις
456 4151 633 4236 μαχομένων
649 4153 727 4220 είκδς
746 4153 783 4217 τὰ
802 4157 859 4232 μέν
874 4153 991 4235 ἅρματα
1005 4155 1039 4217 ἐν
1053 4155 1298 4238 χθαμαλωτέροις

147 4256 274 4339 τρέχειν,
294 4256 363 4324 τοὺς
386 4260 418 4321 δέ
442 4256 548 4335 πεζοὺς
570 4257 631 4321 ἀπδ
653 4257 802 4337 μετεύρου
823 4255 977 4340 μάχεσθαι
999 4256 1069 4319 A:
1103 4259 1131 4342 δ.
1155 4259 1242 4338 έπεμε
1264 4260 1298 4323 δέ

146 4359 202 4439 τήν
217 4365 367 4440 γλῦσσαυ
383 4360 481 4435 αὐτοῦ,
498 4361 545 4424 ότι
561 4361 731 4438 ἐπιόρκησε
746 4360 796 4424 καὶ
812 4361 857 4423 ότι
874 4358 913 4423 δι’
925 4360 1015 4438 αὐτῆς
1030 4362 1232 4445 ἐμεγαλαύχει
1311 4393 1349 4454 35

192 4464 265 4546 296.
289 4459 371 4551 οῦθι]
389 4462 440 4528 ἐπὶ
454 4463 508 4526 τόν
523 4463 613 4529 αύτδν
627 4465 722 4528 τόπον
855 4462 928 4546 298.
951 4458 995 4550 οἱ]
1012 4465 1103 4528 αὑτοῦ
1114 4465 1180 4535 A÷

191 4580 265 4643 299.
287 4559 373 4650 ἀλκί]
391 4562 451 4626 ἀπὸ
467 4563 558 4643 όρθῆς
572 4565 624 4639 τῆς
639 4561 709 4640 όλξ,
724 4562 764 4629 ὣς
782 4563 920 4646 (πλακί)
937 4564 998 4627 ἀπὸ
1013 4567 1067 4643 τῆς
1082 4562 1168 4643 πλόξ

191 4684 264 4750 302.
287 4666 452 4749 χερμάδιον
466 4664 548 4746 λάβε
564 4661 660 4755 χειρῆ
676 4670 867 4750 χειροπληθῆ
882 4667 971 4730 λίθον
986 4687 1047 4729 ree.

192 4770 266 4853 308.
290 4767 392 4833 ωσεδ’
409 4764 484 4855 ἀπο]
501 4769 635 4851 ἀπέσυρε
765 4765 862 4857 ῥινόν]
879 4768 963 4834 τδδέ
962 4795 1023 4851 ρμα
1037 4768 1107 4831 A:

183 4871 1297 4970 12.έχυσιΒ·ἐχου’1115.τδι]Δμή]1.216νέτρεφενΒ.“ντόέτρεφενΙΙοφτρθνσιν

148 4953 213 5005 AD:
227 4953 318 5002 πεῦσιν
331 4953 1297 5044 lisuppleviexADss30,31.aepomwdm.nsutAD831adtumni

149 5017 269 5082 11131
281 5020 396 5084 mpplevi
408 5035 438 5068 οι
450 5020 475 5068 D
493 5025 503 5078 1
523 5032 611 5084 ³9
577 5018 682 5083 1111111
696 5021 735 5070 D:
752 5017 854 5082 1111111
