2984 5474
188 722 252 784 500
603 722 774 785 ιλιιοος
797 724 831 786 Β.
854 717 897 806 (2
908 718 921 806 )

233 892 308 981 389.
331 890 539 982 ἀμφιβρότης]
556 896 609 972 τῆς
623 892 816 976 πανταχόθεν
830 897 884 957 τὸν
898 891 1013 975 βροτὸν
1027 891 1276 976 περιοκεπούσης

231 1016 305 1082 390.
329 995 447 1086 ἐύξοον]
465 1003 518 1063 τδν
533 1003 634 1067 καλῶς
650 994 930 1076 κατεσκευασμένον

233 1120 307 1186 391.
323 1099 359 1166 δν
373 1100 408 1166 δέ
423 1100 448 1165 κ’
461 1097 554 1189 έγόν]
571 1100 612 1186 τῷ
627 1101 660 1164 δέ
672 1099 794 1165 θέλοντι
806 1098 933 1183 φεύγειν
948 1099 1003 1166 τδν
1017 1099 1156 1180 πόλεμον
1170 1099 1230 1183 οὐχ
1241 1100 1344 1164 ίκανδν

190 1204 259 1270 οὐδδ
284 1203 429 1287 αὐταρκες
453 1202 615 1288 γενήσεται
641 1209 716 1286 πρδς
742 1202 776 1267 τδ
800 1200 842 1283 μὴ
864 1201 923 1268 ὐπδ
945 1209 1042 1270 κυνῶν
1065 1202 1114 1269 καί
1137 1200 1344 1286 σαρκοφάγων

157 1334 175 1395 5
191 1310 303 1390 όρνεων
317 1311 544 1387 διασπασθῆναι

234 1412 308 1496 398.
332 1409 541 1494 κεδασθέντες]
557 1410 776 1478 σκεδασθέντες

232 1547 308 1607 400.
332 1525 429 1616 ἔρεζε]
445 1528 568 1594 δύναται
584 1527 644 1593 άπδ
659 1532 712 1592 τού
727 1529 874 1610 έπαρκοῦς
889 1527 925 1591 τδ
939 1498 1003 1609 βαι]

232 1650 306 1709 421.
327 1632 508 1716 οὐλοχύτας]
526 1631 630 1714 κριθάς
1081 1706 1084 1711 ⁴

233 1754 310 1813 422.
324 1733 487 1823 αὐέρυσαν]
502 1738 545 1803 εἰς
554 1735 689 1800 τούπίσω
699 1737 847 1801 εἵλκυσαν
855 1733 924 1802 τούς
931 1731 1102 1817 τραχήλους
1113 1737 1174 1798 τῶν
1181 1730 1337 1818 ζφωυΑ-Ιι

140 1851 178 1891 ¹0
233 1858 309 1919 424.
329 1835 474 1927 δίπτυχα]
491 1844 618 1905 διπλοῦν
632 1838 686 1904 τδν
700 1839 851 1904 έπίπλουν

331 1943 378 2009 ἐπ’
396 1940 507 2030 αὐτῶν]
524 1950 585 2008 τῶν
599 1950 713 2024 βωμῶν
843 1955 918 2024 425.
943 1938 1127 2029 άφύλλοισι]
1145 1939 1250 2023 ξηροῖς

233 2048 308 2124 426.
330 2048 492 2130 ὑπείρεχον
505 2043 710 2135 Ἡφαίστοιο]
727 2045 864 2128 ὑπεράνω
880 2046 967 2129 εἰχον
981 2045 1073 2127 πυρός

234 2162 310 2234 435.
334 2149 396 2230 δῆτ’
413 2146 496 2237 αὐθι]
513 2151 612 2215 πολύν
625 2152 739 2235 χρόνον
756 2151 825 2212 A:
940 2144 1116 2238 λεγοίμεθα]
1134 2149 1346 2232 διαλεγόμεθα

233 2255 309 2339 436.
333 2249 436 2340 ἔργον]
453 2252 507 2317 τδν
521 2255 657 2335 πόλεμον
745 2255 821 2332 448.
843 2249 1020 2341 ἠερέθοντο]
1039 2251 1203 2336 έκρέμαντο

140 2363 176 2420 15
234 2377 309 2442 449.
333 2354 547 2446 ἑκατόμβοιος]
566 2362 673 2423 έκατδν
689 2364 777 2439 βοῶν
791 2356 859 2437 ἤτοι
876 2354 1063 2445 [πλείστων]
1080 2353 1166 2436 άξιος
1181 2353 1251 2424 Αἰ·

332 2459 474 2552 ἕκαστος]
493 2458 662 2550 [θυσάνων]
794 2473 868 2542 450.
891 2457 944 2548 τῇ]
961 2460 999 2550 τῇ
1016 2462 1111 2544 αἰγίδι

233 2578 309 2647 454.
332 2561 525 2653 γλαφυρῇσι]
544 2566 661 2631 κοίλαις
676 2564 818 2644 βαθείαις
885 2574 960 2644 455.
982 2559 1125 2652 άίδηλον]
1142 2561 1347 2644 άφανιστικόν

233 2681 309 2750 457.
331 2665 464 2757 χαλκοῦ]
481 2673 534 2749 τῆς
549 2669 720 2734 πανοπλίας

234 2773 311 2851 461.
332 2768 445 2858 Ἀσίῳ]
463 2774 497 2836 έν
511 2773 552 2857 τῷ
568 2775 621 2850 τῆς
636 2770 746 2838 Ἀσίας
762 2770 907 2857 συμφύτιρ
922 2771 1005 2857 τόπιρ

140 2881 178 2933 20
234 2876 309 2957 469.
334 2874 479 2958 δδινάων]
497 2881 557 2940 τῶν
572 2876 648 2955 όδην
663 2871 713 2939 καί
728 2880 870 2956 δαψιλῶς
892 2874 1075 2956 πετομένων·
1099 2879 1172 2940 ὅθεν
1187 2874 1237 2939 καὶ
1253 2872 1346 2938 δαού·

192 3004 277 3045 νεται

234 3097 309 3164 474.
333 3079 475 3171 αἰπόλια]
500 3084 660 3163 αἰγονόριια
684 3081 813 3165 μεγάλα,
832 3083 879 3147 δτι
907 3085 941 3147 έν
960 3080 1142 3162 διαστήματι
1162 3079 1213 3146 καί
1234 3078 1346 3145 πλάτει

193 3181 335 3254 πλείονες
350 3185 491 3266 νέμονται
511 3189 542 3250 αἰ
561 3186 645 3268 αἰγες
659 3186 729 3249 A:

236 3291 378 3357 αἰπόλιον
393 3289 516 3372 λέγεται
531 3290 566 3353 τδ
581 3295 641 3354 τῶν
651 3291 746 3372 αἰγῶν
757 3292 884 3368 πλῆθος,
900 3293 1040 3368 ποίμνιον
1050 3294 1085 3353 τδ
1096 3294 1157 3352 τῶν
1168 3286 1346 3370 προβάτων,

141 3424 157 3465 2
161 3419 179 3480 5
193 3394 344 3474 συβόσιον
359 3393 394 3457 τὸ
405 3394 595 3477 τῶνχοίρων,
608 3393 774 3472 βουκόλιον
788 3399 823 3456 τὸ
838 3398 898 3458 τῶν
909 3397 1002 3472 βοῶν,
1013 3393 1225 3475 ίπποφόρβιον
1239 3396 1275 3455 τὸ
1286 3396 1346 3455 τῶν

192 3500 295 3563 ίππων
308 3495 408 3559 AB:

755 3678 787 3738 Γ.

240 3817 265 3862 1.
289 3803 306 3833 ‘⁴
319 3794 441 3880 αὐτάρ”
466 3798 635 3878 σύνδεσμος
658 3803 881 3879 συμπλεκτικδς
903 3799 1093 3878 ίσοδυναμῶν
1115 3797 1156 3884 τῷ
1184 3796 1227 3874 δέ,
1253 3795 1345 3884 ταύιῃ

148 3911 151 3914 ’
193 3903 226 3966 δέ
257 3900 409 3983 διαφέρων
436 3900 535 3979 αὐτοῦ,
557 3899 574 3981 ᾖ
598 3903 615 3965 ό
635 3901 692 3983 μέν
714 3911 734 3938 “
746 3899 839 3983 αὐτάρ
848 3900 867 3926 ”
890 3899 1099 3982 προτάσσεται
1122 3903 1140 3964 ό
1160 3904 1194 3966 δέ
1217 3899 1252 3965 δέ
1272 3903 1345 3965 ιἰπο·

142 4039 181 4096 30
193 4004 342 4071 τάσσεται
354 4004 423 4067 A:

314 4105 480 4197 κόσμηθεν]
499 4113 642 4191 Δωρικῶς
657 4107 734 4178 A÷'

314 4210 365 4291 ἅμ’
379 4208 597 4299 ἡγεμόνεσσιν]
614 4210 681 4291 ἤτοι
695 4211 754 4276 ὐπδ
769 4217 829 4276 τῶν
843 4211 1002 4295 ἡγεμόνων
1016 4207 1035 4291 ἢ
1051 4211 1109 4275 οὐν
1124 4213 1188 4277 τοῖς

238 4335 268 4401 3.
291 4315 433 4397 οὐρανόθι
448 4310 521 4404 πρό]
539 4321 597 4398 πρὸ
612 4319 665 4379 τοῦ
681 4314 767 4399 άέρος

237 4437 269 4497 4.
290 4414 440 4507 χειμῶνα]
456 4418 510 4483 τδν
524 4425 697 4502 χειμερινὸν
712 4420 807 4483 τόπον
822 4417 889 4498 ἤτοι
904 4417 960 4498 τὴν
972 4415 1096 4502 Θράκην
1106 4417 1174 4487 A÷

143 4539 180 4602 35
239 4522 270 4586 6.
293 4519 494 4609 Πυγμαίοισι]
519 4524 707 4606 πυγονιαίοις
729 4521 867 4607 πηχέοις,
893 4523 960 4601 ἤτοι
986 4521 1046 4586 άπδ
1072 4522 1231 4603 Πυγμαίου
1252 4527 1348 4602 βασι-

192 4626 274 4692 λέως
298 4626 373 4688 ούτω
400 4624 604 4706 κεκλημένοις·
631 4626 735 4709 πυγῶν
757 4627 790 4690 δί
813 4630 950 4690 καλεῖται
973 4627 990 4688 ό
1012 4627 1121 4707 πῆχυς,
1146 4629 1182 4688 τδ
1205 4625 1267 4689 άπδ
1291 4624 1347 4707 άγ-

195 4736 289 4796 κῶνος
305 4729 361 4795 ἕως
377 4729 532 4794 δακτύλων
546 4733 600 4808 τῆς
613 4729 717 4813 χειρδς
732 4728 893 4810 διάστημα.
927 4729 993 4794 έστι
1016 4731 1050 4793 δὲ
1070 4728 1158 4795 έθνος
1172 4733 1349 4810 γεωργικῶν

194 4834 362 4915 άνθριόπων
380 4839 494 4915 μικρῶν
517 4833 734 4899 κατοικούντων
755 4835 799 4900 εἰς
819 4836 857 4897 τὰ
876 4831 1017 4898 ἀνωτάτω
1031 4830 1106 4913 μέρη
1123 4832 1175 4908 τῆς
1190 4831 1349 4914 Αἰγύπτου

194 4975 368 5104 μέχςπρφιόδ
379 4979 447 5029 AD:
464 4976 533 5042 πρὸ]
548 4989 570 5042 7.
581 4985 699 5044 οοπιιρίι
716 4984 727 5037 ΙΙ
747 4992 785 5038 ιο,
801 4992 840 5028 21.
851 4976 993 5027 δοσίινοηαι
1010 4982 1021 5037 ῃ
1036 4991 1074 5041 ιφ.
1086 4976 1152 5039 αδιᾷ
1166 4981 1177 5036 ss
1190 4987 1231 5039 35.
1248 4991 1348 5041 mm·
