2984 5474
556 571 727 632 ιλικιον
751 571 787 632 ιι.
809 566 874 656 (ι)
1226 567 1290 629 513

187 750 261 821 501.
286 734 386 828 κρίνῃ]
403 739 564 826 διαχωρίζῃ
696 751 770 820 504.
794 734 983 826 ἐπέπληγον]
1000 738 1157 804 δνεκίνουν

186 856 261 926 505.
284 843 343 908 ύπδ
358 842 383 907 δ’
400 843 552 925 ἔστρεφον
565 837 723 930 ἡνιοχῆες]
741 841 779 906 δι’
794 844 987 923 ὑποστροφῆς

187 944 261 1026 506.
285 941 364 1035 ίόύς]
381 945 444 1010 κατ’
461 946 581 1011 εὐθεῖαν
727 942 833 1035 νύκτα]
850 941 998 1028 δοραῖτίαν

186 1050 262 1131 508.
285 1044 472 1137 χρυσαόρου]
488 1054 541 1113 τοῦ
554 1046 816 1133 χρυσοφασγόνου

187 1166 261 1233 521.
285 1146 390 1239 ίωκός]
408 1151 537 1235 κραυγὰς
552 1151 683 1218 ἅπειλδς
697 1148 716 1230 ἢ
732 1151 786 1218 τὰς
802 1152 836 1219 έν
850 1150 892 1236 τῷ
907 1149 1031 1237 πολέμῳ
1047 1149 1165 1231 διώξεις
1179 1169 1240 1214 ree.
1305 1163 1323 1223 5

185 1268 261 1335 524·
284 1251 427 1343 armas]
443 1254 545 1338 ἡαικῆ

186 1372 259 1442 553.
283 1354 451 1446 ἀρνυμένω]
468 1357 815 1438 ἆντικαταλλασσομένω
831 1356 947 1424 τούτοις

186 1475 206 1544 5
208 1474 259 1542 54
284 1462 338 1524 οἴω
353 1461 394 1524 τό
409 1487 444 1544 γε
459 1459 564 1525 λέοντε
580 1457 654 1548 δύω]
671 1460 752 1525 οὗτοι
768 1461 801 1525 δέ
816 1461 905 1525 όποῖο
919 1460 1042 1528 λέοντες
1058 1461 1116 1525 δύω

186 1575 260 1645 555.
282 1564 433 1646 ταρφέσιν
443 1560 533 1652 ύλης]
550 1565 754 1644 πυκνόμασιν,
767 1563 827 1628 ἆπδ
841 1568 894 1628 τοῦ
909 1565 1018 1647 τείρειν
1033 1564 1088 1646 τὴν
1098 1560 1215 1646 δφηνῆ
1231 1563 1291 1628 ἆπδ

144 1666 240 1751 (τοῦ)
256 1666 423 1750 ταράσσειν
437 1670 475 1731 τδ
490 1667 554 1749 φόη
1307 1679 1344 1720 10

187 1782 260 1854 557.
284 1767 379 1858 όφρα]
397 1771 452 1837 ἐως
582 1784 655 1854 559.
678 1766 765 1859 τοίω]
781 1775 911 1834 τοιοῦτοι

186 1876 262 1956 567.
284 1870 408 1963 πόνοιο]
424 1878 478 1954 τῆς
494 1876 646 1958 ἐνεργείας
659 1881 712 1939 τοῦ
724 1873 859 1955 πολέμου

186 1976 260 2060 568.
279 1978 320 2041 τδ
334 1974 404 2066 μέν]
421 1979 503 2043 οδτοι
517 1977 574 2059 μέν

187 2097 260 2164 574.
283 2078 339 2170 τό]
354 2082 476 2148 τούτους
605 2077 712 2169 δειλοί]
728 2080 796 2148 τοὺς
811 2082 984 2165 όθλ<ί>ους

186 2183 261 2269 584.
283 2182 398 2273 ἤλασε]
415 2184 588 2269 έκρου<σ>ε
720 2180 847 2272 κόρσην]
865 2187 970 2267 κυρίως
985 2186 1002 2248 ό
1018 2185 1169 2267 κρόταφος
1308 2190 1344 2249 ¹5

187 2286 261 2372 586.
299 2296 317 2324 “
328 2288 485 2373 κύμβαχος
493 2288 511 2314 ”
539 2294 574 2352 τδ
604 2286 757 2366 σκεπόζον
785 2287 821 2352 τδ
849 2288 979 2371 βρέγμα,
1010 2290 1092 2370 παρδ
1120 2294 1156 2353 τδ
1186 2293 1291 2371 κύφον,

143 2391 282 2457 τουτέστι
297 2382 332 2456 τδ
347 2392 518 2474 περιφερές·
547 2392 646 2473 κύμβη
661 2389 752 2475 γδρὴ
769 2390 889 2473 κεφαλή
925 2469 928 2473 ¹

186 2496 260 2578 588.
283 2483 352 2578 ὄφρ’
369 2492 467 2584 ίππω]
484 2495 540 2563 ἕως
555 2499 584 2561 01
713 2491 883 2582 πλήξαντε]
899 2494 1049 2577 τύψαντες

186 2600 260 2681 589.
281 2596 390 2688 ίμασε]
406 2597 536 2679 μόστιξε

186 2717 261 2789 592.
282 2701 381 2768 Ἐνυό
397 2703 514 2781 ἐστινὴ
532 2704 651 2769 ἐνιεῖσα
665 2701 760 2783 θνμδν
774 2699 824 2766 καὶ
846 2702 944 2784 ἀλκὴν
965 2706 1028 2769 τοῖς
1049 2700 1243 2787 μαχομένοις·
1272 2701 1344 2781 31²0

143 2810 220 2871 κατδ
240 2806 432 2888 εύφημισμδν
452 2806 514 2872 όπδ
533 2811 586 2871 τοῦ
600 2806 711 2887 ἥκιστα
732 2805 822 2886 ἐιηῆς
840 2805 890 2871 καὶ
905 2805 1039 2888 ἐπιεικὴς
1053 2805 1132 2871 εἶναι
1146 2803 1292 2893 (eomut.

141 2909 401 2997 αυμῳὴ)

186 3023 259 3099 599.
282 3009 386 3103 ἀφρῷ]
409 3013 625 3093 όνοματοποιία
646 3013 797 3094 ότρότος·
821 3014 882 3077 όπδ
896 3017 949 3076 τοῦ
970 3013 1078 3095 φόφου
1100 3018 1152 3076 τοῦ
1175 3015 1208 3079 ἐν
1230 3018 1293 3080 τοῖς

142 3118 233 3182 ύδασι
246 3115 406 3200 γινομένου
420 3137 481 3183 ree.

187 3221 260 3301 605.
283 3216 489 3308 τετραμμένοι]
505 3218 675 3300 βλέποντες
690 3240 749 3283 rec.
1306 3225 1344 3284 ²5

188 3324 263 3390 612·
287 3324 408 3390 Παισός
430 3325 520 3390 πόλις
534 3324 653 3405 Τροίας,
668 3321 706 3402 ἣν
721 3326 755 3389 ἐν
769 3324 880 3392 όλλοις
896 3320 1047 3389 Ἀπαισδν
1068 3324 1294 3406 προσηγόρευεν

142 3425 244 3514 (11.2.
264 3425 341 3514 828)

188 3530 263 3596 618.
287 3532 338 3597 ἐπὶ
360 3529 477 3613 δούρατ’
494 3526 618 3617 ἔχευαν]
643 3536 781 3612 δαφιλῶς
804 3532 995 3611 ἐσέπεμψαν·
1017 3529 1209 3613 ἡμεταφορδ
1232 3531 1292 3595 ἀπὸ

142 3639 196 3698 τοῦ
210 3636 301 3718 ύγροΰ
1306 3659 1345 3716 30

189 3737 264 3822 623.
289 3734 479 3826 ἀμφίβασιν]
495 3737 549 3816 τὴν
563 3736 771 3820 ύτερμόχεσιν
1290 3722 1295 3729 ’

188 3842 262 3907 626.
287 3841 526 3928 (χασσάμενος)
552 3837 739 3928 πελεμίχθη]
767 3842 842 3904 κατδ
868 3840 1067 3923 ἀναστροφὴν
1089 3841 1204 3922 εἴρηται
1227 3841 1293 3905 ἀντὶ

144 3950 197 4009 τοῦ
212 3943 407 4029 πελεμιχθεὶς
422 3945 594 4029 ἆνεχόσατο
609 3965 668 4009 ree.

187 4047 261 4117 628.
283 4045 502 4138 Τληπόλεμον]
518 4056 579 4114 τῶν
591 4049 727 4133 Ἀχαιόν
741 4048 779 4129 ἦν

188 4151 263 4234 629.
287 4136 473 4241 Σδρπηδόνι]
489 4159 550 4219 τῶν
564 4154 676 4236 Τριόων
692 4152 729 4233 ἦν
838 4152 910 4231 644
933 4147 1045 4239 ἄλκαρ]
1062 4148 1199 4232 ἀλέξημα
1217 4171 1277 4215 ree.
1305 4168 1343 4231 35

188 4256 262 4337 654.
287 4258 411 4341 (Ἀιδι)
430 4254 630 4344 κλυτοπώλῳ]
652 4257 686 4320 οδ
702 4255 828 4336 κλντηὴ
849 4256 1048 4334 ἐπιπόλησις,
1071 4256 1138 4320 οἷον
1159 4254 1292 4335 όκουστδ

147 4362 199 4426 διδ
212 4363 266 4427 τδς
281 4361 331 4426 ἐπὶ
346 4366 410 4428 τοῖς
426 4365 570 4426 θανοῦσιν
585 4360 716 4443 οἰμωγάς
731 4364 821 4434 AB÷

188 4465 261 4531 661.
286 4460 512 4552 <μαιμόωσα>]
529 4464 595 4544 ἤτοι
616 4469 669 4527 τοῦ
692 4466 816 4545 αἵματος
837 4467 1003 4546 γευστικῶς
1023 4462 1147 4546 ἔχουσα,
1163 4459 1182 4540 ἦ
1198 4467 1216 4497 “
1223 4487 1294 4541 μαι·

142 4566 283 4650 μόωσα”
300 4567 393 4648 ὀξέως
409 4571 533 4650 όρμῶσα
547 4573 610 4637 A÷

180 4701 201 4737 1.
219 4686 353 4751 διαχωρίξει
373 4694 383 4749 ΙΙ
403 4699 425 4752 7.
445 4684 633 4738 δνταιαταλασιῖ
648 4686 689 4748 μοί
704 4685 804 4736 τούτους
821 4686 872 4751 legi
891 4692 901 4746 ΙΙ
916 4701 943 4801 g.
955 4683 1094 4746 πυκνώμασι
1106 4685 1145 4735 D:
1163 4700 1206 4732 -πα
1223 4689 1234 4744 ΙΙ
1255 4698 1292 4734 ιο.

145 4753 260 4818 supplevi
275 4770 306 4803 ex
324 4755 349 4804 D
368 4759 378 4813 ΙΙ
398 4768 436 4804 21.
453 4749 610 4816 εύφημησμδν
627 4758 637 4812 ΙΙ
656 4752 723 4815 ἐνηης
739 4751 779 4800 καί
797 4751 900 4813 ἐπιεικὴς
938 4768 1007 4802 om:
1026 4751 1097 4811 εύνῆς
1112 4748 1153 4798 καὶ
1170 4748 1295 4799 ἐπιεικείας

144 4819 195 4883 legi
213 4823 224 4879 ΙΙ
243 4832 283 4881 32.
300 4817 392 4883 εἴρηται
404 4821 444 4872 D:
462 4821 495 4869 είς
508 4818 538 4867 τὸ
556 4824 566 4879 ΙΙ
586 4818 625 4880 36.
639 4821 655 4880 ἡ
667 4820 706 4869 D:
724 4818 754 4866 ὡς
772 4823 782 4876 ΙΙ
801 4817 946 4877 ἐτιτόνλησις
957 4818 996 4868 D:
1014 4817 1153 4878 ἐτιτόλησις
1170 4820 1180 4875 ΙΙ
1199 4815 1240 4879 58,
1252 4827 1291 4880 39.

145 4884 315 4949 supplementi
325 4887 407 4935 instar
418 4887 451 4935 ad
462 4884 537 4934 schol.
551 4887 647 4948 primae
659 4900 749 4934 manus
760 4885 848 4934 addita
866 4888 876 4944 ΙΙ
895 4885 934 4945 38.
951 4881 1005 4943 ἦτοι
1017 4887 1074 4947 μοστ
1083 4898 1110 4942 μ.
1122 4881 1194 4930 omisi

189 4968 318 5017 vmn
699 4949 741 5011 Η
