2984 5474
567 661 783 723 1A1AA021.
807 657 877 747 (9)
1229 661 1291 724 521

187 845 261 914 520.
286 833 304 916 <
308 830 465 913 θηλύτεραι
478 831 512 895 δέ
521 826 699 918 γυναῖκες>]
716 832 748 894 αἶ
760 836 835 911 πρὸς
846 832 884 894 τδ
899 832 1065 913 ἀφροδίσια
1080 832 1289 913 καταφορότε·

143 962 193 1019 ραι
206 935 246 1004 ὧς
259 937 333 1018 πρὸς
349 936 508 1017 σύγκρισιν
518 940 578 999 τῶν
586 934 707 1017 ἀλόγων
718 933 810 1020 ζηύων·
833 936 871 998 τδ
885 936 942 1014 μέν
955 933 1012 1017 γάρ
1024 934 1107 999 ἀλλα
1122 935 1291 1015 ὧρισμένον

145 1040 251 1123 ἔχουσι
267 1045 369 1120 καιρδν
384 1041 417 1102 ἐν
432 1036 455 1124 φ
470 1039 637 1121 μίγνυνται,
649 1038 737 1102 αὗται
752 1041 785 1101 δέ
799 1036 957 1118 διηνεκέως
971 1036 1194 1117 πλησιάζουσιν
1209 1043 1275 1102 Α.-;

188 1156 261 1224 524,
276 1154 306 1223 5.
328 1144 345 1206 ό
367 1147 436 1209 νοῦς
457 1147 602 1209 τοιοῦτος·
633 1143 701 1224 περὶ
725 1143 782 1221 μέν
804 1147 864 1207 τῶν
889 1146 942 1208 νῦν
964 1140 1013 1207 καὶ
1039 1140 1171 1224 σήμερόν
1195 1169 1247 1223 μοι
1273 1144 1290 1206 ό

124 1247 237 1330 -λόγος
252 1246 485 1311 ουντετέλεσται
500 1243 549 1310 καὶ
564 1245 650 1311 οὐδέν
664 1242 915 1327 παραλέλειπται,
928 1247 997 1327 περὶ
1012 1249 1045 1311 δέ
1061 1252 1121 1311 τῶν
1132 1248 1176 1315 είς
1187 1245 1291 1327 οὔριον
1308 1270 1325 1336 5

144 1351 203 1415 ὖπδ
217 1350 272 1432 τὴν
286 1353 325 1415 ἔω
339 1350 463 1430 μηνύσω
476 1348 546 1412 A:
642 1363 717 1432 527.
740 1345 1034 1436 κηρεσσιφορήτους]
1050 1349 1289 1432 μοιροφορήτους

188 1454 263 1536 528.
286 1447 387 1541 κῆρες]
412 1455 499 1517 κακαί
513 1457 615 1534 μοῖραι
746 1466 821 1537 535.
843 1448 1025 1540 διαείσεται]
1042 1456 1243 1537 διαγνώσεται

189 1557 263 1642 563.
283 1554 484 1643 πεντήκοντα]
502 1556 607 1638 ἄνδρες

189 1662 262 1746 564.
286 1657 493 1749 ἐρεπτόμενοι]
510 1663 543 1724 ἐκ
558 1664 612 1740 τῆς
627 1661 705 1742 ἔρας,
721 1661 739 1723 ὅ
754 1662 821 1724 ἐστι
836 1663 888 1740 τῆς
903 1663 959 1744 γῆς
973 1659 1195 1741 ἀνασπωμένης

708 1864 732 1924 1.
1311 1891 1349 1931 10

191 1988 219 2054 7.
242 1969 412 2060 κορθύεται]
447 1977 629 2055 κορυφοῦται
656 1968 676 2052 ἦ
707 1972 879 2055 σωρεύεται·
918 1975 1025 2055 κόρθυς
1055 1976 1113 2058 γάρ
1145 1975 1162 2038 δ
1195 1973 1293 2056 σωρδς

146 2080 282 2142 καλεῖται
298 2082 362 2141 A-

243 2177 353 2269 φΰκος]
365 2182 478 2265 χόρτον
608 2198 661 2265 30.
682 2180 847 2265 τετιηότες]
861 2181 1045 2263 λυπούμενοι
1060 2187 1125 2246 A:

190 2304 242 2370 34
264 2287 421 2366 ἀναφορὰν
433 2284 498 2367 ἔχει
512 2289 605 2348 ταῦτα
620 2279 635 2354 f
636 2281 686 2349 ἐπὶ
700 2286 752 2367 τά]
766 2283 897 2367 ῥηθέντα
911 2287 992 2367 παρδ
1006 2284 1295 2368 τοῢἈγαμέμνονος

147 2390 181 2454 ἐν
195 2390 230 2475 τῇ
247 2386 273 2452 δ’
286 2390 428 2472 ῥαψωδίη
442 2384 576 2474 (370,1)
591 2387 637 2451 “6
656 2412 717 2467 μοι,
731 2386 844 2455 Τυδέος
858 2389 906 2452 υίέ
920 2390 1084 2469 δαίφρονος
1100 2390 1293 2472 ἱπποδάμοιο,
1313 2420 1348 2481 15

146 2492 177 2556 τί
191 2490 347 2571 πτήσσεις,
362 2494 393 2556 τί
407 2490 432 2556 δ’
449 2491 602 2558 ὀπιπεύεις
620 2489 767 2571 πολέμοιο
781 2490 916 2574 γεφύρας
927 2489 958 2565 ,·”
975 2496 1038 2562 A÷

190 2594 242 2675 56.
265 2591 373 2683 πόλιν]
390 2598 428 2659 τὰ
439 2596 561 2662 ἐναυτία
576 2620 628 2659 σοι
707 2594 742 2660 ού
757 2593 845 2661 τέλος
860 2595 924 2659 ἵκεο
938 2591 1054 2684 μύθων]
1068 2596 1216 2675 ἐπέθηκας
1225 2604 1290 2662 A:

265 2698 301 2764 ού
320 2703 409 2766 τέλος
426 2701 490 2765 ἵκεο
507 2695 622 2787 μύθων]
643 2701 682 2762 τδ
700 2699 757 2777 μὶν
775 2701 833 2780 γάρ
850 2698 924 2779 πρὸς
944 2698 997 2764 τὸν
1010 2699 1150 2780 βασιλέα
1163 2703 1292 2770 δεόντως

148 2806 275 2885 εἴρηκας,
291 2805 329 2865 τά
343 2804 376 2867 δέ
391 2806 444 2882 τῆς
459 2804 636 2883 συμβουλῆς
652 2803 700 2866 καὶ
717 2804 855 2882 φυλακῆς
871 2802 1033 2887 ἐνέλειφας
1048 2809 1111 2875 A÷

191 2908 243 2992 63.
264 2902 466 2994 ἀφρήτωρ-]
483 2903 502 2984 ἢ
518 2906 592 2987 πρὸς
607 2906 659 2971 τὸν
672 2905 825 2989 Ἀχιλλέα
839 2903 857 2986 ἢ
873 2912 948 2988 πρὸς
962 2906 1015 2970 τὸν
1032 2904 1243 2990 Ἀγαμέμνονα
1313 2940 1351 2980 20

267 3011 415 3094 φρατρίαν
431 3009 480 3075 καὶ
495 3008 674 3093 συγγένειαν
687 3010 729 3088 μὴ
745 3010 834 3092 ἔχων.
868 3012 1000 3093 φρατρία
1014 3010 1049 3077 δέ
1063 3015 1131 3079 ἐστι
1146 3015 1181 3079 τό
1195 3015 1297 3096 τρίτον

147 3115 236 3199 μέρος
252 3114 432 3198 φυλῆςΛι·

195 3240 265 3287 100.
287 3215 421 3307 φάσθαι]
438 3218 640 3299 βουλεύεσθαι

195 3342 266 3387 102.
289 3322 345 3388 σέο
360 3324 385 3387 δ’
401 3320 516 3410 ἔξεται]
533 3321 599 3402 ἤτοι
619 3324 652 3386 ἐν
669 3324 705 3408 τῇ
722 3324 762 3408 σῇ
778 3320 904 3407 ἐξουσίᾳ
919 3321 1009 3405 ἔργον
1023 3329 1111 3388 τοῦτο
1126 3323 1299 3405 δοκιμάσαι,

147 3426 214 3507 ἤτοι
223 3432 258 3490 τδ
267 3432 326 3492 τῶν
334 3428 436 3507 λόγων
446 3428 621 3508 κατόρθωμα
633 3426 690 3490 σὸν
698 3427 795 3491 ἔσται·
810 3428 854 3492 είς
863 3428 899 3490 σέ
911 3425 969 3508 γὰρ
982 3426 1220 3510 ἀνενεχθήσετοι
1228 3433 1293 3491 A:
1314 3451 1352 3512 25

196 3529 266 3594 106.
289 3528 326 3609 ἐξ
338 3531 383 3595 ἔτι
399 3526 466 3618 τοῦ]
483 3529 533 3594 ἀπ’
550 3531 665 3595 ἐκείνου
680 3534 733 3592 τοῦ
747 3529 859 3611 χρόνον
874 3534 939 3593 A:

289 3630 438 3722 διογενές]
455 3632 488 3697 ἀι.
519 3635 546 3718 ξ.
561 3640 580 3668 “
592 3632 770 3717 διογενεῦς”

289 3736 324 3801 τὸ
339 3742 355 3770 “
368 3734 547 3821 διογενεῦς”
563 3740 716 3818 περισπᾶν
735 3740 794 3801 δεῖ·
819 3737 994 3819 ουναίρεσιν
1015 3739 1074 3819 γάρ
1090 3734 1212 3816 ἔπαθεν,
1231 3737 1298 3802 ἐπεὶ

149 3840 184 3904 τδ
200 3840 320 3907 ἐντελές
334 3843 401 3905 ἐστι
416 3839 569 3925 διογενέος

197 3961 267 4027 109.
290 3940 516 4032 ἀπεμυθεόμην]
533 3944 721 4026 ἀπηγόρευον
736 3948 800 4012 A÷
1314 3976 1353 4033 30

197 4060 268 4129 115.
290 4045 418 4136 ψεῦδος]
434 4049 501 4112 ἀντὶ
518 4048 615 4132 (τοῦ)
632 4052 763 4129 ψευδῶς,
778 4048 873 4126 ὄνομα
888 4047 955 4111 ἀντὶ
970 4043 1170 4127 ἐπιρρήματος
1186 4052 1251 4110 A:

196 4169 265 4218 122.
289 4145 433 4238 ἀπύρους]
451 4151 684 4229 ἀναθεμοτικούς
699 4154 762 4219 A÷

74 4311 78 4317 .
197 4273 268 4340 123.
293 4254 475 4325 “αίθωνας”
491 4254 559 4322 τοὺς
582 4253 656 4336 πρὸς
678 4257 736 4335 πῦρ
759 4253 946 4331 ἐπιτηδείους
969 4250 1018 4318 καὶ
1040 4252 1225 4336 λεγομένους
1247 4256 1299 4335 ἐμ-

151 4357 320 4441 πυριβήτας
335 4364 400 4422 Α-

198 4475 267 4544 125.
291 4458 413 4550 ἀλήιος]
437 4461 550 4543 ἐνδεής,
567 4463 639 4527 ἀνευ
658 4462 754 4537 λείας,
771 4460 900 4541 ἐλλιπὴς
918 4458 1133 4541 βοσκημάτων·
1154 4461 1224 4525 λεία
1242 4462 1301 4544 γδρ
1315 4480 1353 4543 35

152 4567 257 4647 κυρίως
272 4564 290 4645 ἡ
306 4571 367 4630 τῶν
380 4565 585 4647 βοσκημάτων
600 4569 706 4645 κτῆσις

199 4688 269 4754 130.
293 4666 455 4758 ἐξελόμην]
473 4669 510 4737 ὧι
527 4668 697 4751 ἐξαιρέτους
712 4669 829 4748 ἔλαβον

293 4772 374 4855 παρὰ
395 4775 545 4854 Λεσβίοις
567 4774 650 4857 ἀγὸν
671 4772 777 4855 όγεται
802 4769 932 4838 κάλλους
952 4776 1103 4854 γυναικῶν
1125 4772 1159 4837 ἐν
1180 4771 1221 4857 τῷ
1247 4774 1301 4852 τῆς

178 4915 207 5016 ὅ
224 4899 287 4966 παρὰ
297 4898 343 4963 μέυ
361 4905 371 4960 ΙΙ
391 4913 414 4965 5.
432 4898 458 4950 δέ
469 4899 515 4962 τὴν
533 4906 543 4962 Ι]
563 4912 585 4980 η.
603 4900 731 4950 δαιιίσεται
743 4904 857 4979 munst!
878 4914 915 4964 ¹4·
933 4899 1048 4967 supplevi
1063 4917 1094 4951 ox
1106 4900 1157 4951 AD
1175 4905 1186 4962 ΙΙ
1206 4897 1246 4951 26.
1256 4897 1299 4949 ἀπ’

152 4969 178 5016 Α
213 4985 219 5018 :
237 4967 267 5016 δι’
286 4971 296 5030 u
317 4976 354 5032 ιγ.
372 4964 597 5032 ταῦροαυάοιαιαὶ
616 4972 627 5028 ιι
646 4980 685 5031 33.
703 4964 858 5032 καλιατιριιι
876 4964 892 5027 δ
968 5026 973 5033 .
