2984 5474
549 674 721 735 ικικοον
745 675 781 735 Δ.
804 667 871 754 (ι)
1227 670 1289 731 505

187 837 217 903 8.
239 796 477 930 άλαλκομενηίς]
493 840 511 921 ῆ
528 840 708 906 άλάλκουσα
727 843 768 926 τῆ
790 839 873 922 μένει
889 841 907 904 6
922 841 989 904 ἐστι
1003 844 1172 920 βοηθοῦσα,
1188 837 1207 919 ἢ
1223 839 1241 919 ῆ
1258 841 1293 905 ἐν

142 937 383 1022 Ἀλαλκομεναῖς
398 944 489 1010 πόλει
511 946 592 1027 παρδ
615 948 760 1011 Βοιωτοῖς
779 941 939 1024 τιμωμένη,
963 944 1037 1009 ένθα
1059 941 1109 1008 καῖ
1138 940 1292 1008 Ἀλαλκα·

142 1041 248 1124 μένιον
269 1042 399 1126 Ἀθηνῖις
422 1048 513 1128 ἱερόν,
532 1044 552 1127 ῆ
572 1047 634 1111 άπδ
655 1046 945 1130 Ἀλαλκομεν<ί>ου
967 1048 1054 1129 ὄρους
1074 1050 1129 1125 τῆς
1144 1045 1291 1126 Ἀττικῆς,

142 1142 162 1226 ῆ
178 1146 247 1229 παρ’
261 1147 485 1228 Ἀλαλκομένει
500 1154 652 1232 τραφεῖσα
670 1150 755 1236 (τῷ)
773 1151 895 1236 Βοιωτῷ

189 1268 238 1315 11.
261 1249 505 1341 παρμέμβλωκε]
521 1252 688 1335 παραμένει
822 1265 872 1334 15.
896 1248 994 1339 αὖτις]
1011 1255 1045 1316 ἐκ
1060 1251 1200 1336 δευτέρου
1306 1280 1324 1341 5

189 1352 238 1417 16.
262 1352 478 1443 όμφοτέροισι]
495 1357 599 1437 Τρωσὶ
614 1357 664 1421 καὶ
675 1354 832 1437 Ἕλλησιν

186 1474 239 1541 43.
264 1457 393 1535 ζητεῖται
408 1464 469 1525 πῶς
485 1460 502 1522 6
517 1458 593 1526 Ζεὺς
612 1457 745 1546 τῆἯρᾳ
766 1459 829 1540 άμα
849 1461 907 1540 μέν
929 1460 1006 1524 ἑκδν
1025 1460 1159 1537 δίδωσιν,
1176 1458 1238 1540 ἃμα
1259 1460 1292 1524 δέ

143 1558 232 1626 άκων.
273 1558 359 1625 ἐστιν
381 1560 434 1624 σύν
454 1562 560 1637 εἰπεῖν,
582 1562 629 1626 ότι
653 1563 729 1627 ἐκδιν
749 1563 807 1642 μὲν
829 1564 954 1626 δίδωσιν
976 1562 1017 1629 ὦς
1039 1560 1077 1627 δν
1100 1563 1219 1649 άδελφῆ
1244 1559 1293 1626 καῖ

142 1663 269 1746 γυναικί,
295 1663 376 1728 άκων
398 1662 440 1741 δέ,
465 1665 511 1728 ότι
534 1665 603 1750 τοὺς
625 1664 791 1746 φιλτάτους
813 1662 919 1752 π]ρδς]
943 1665 1099 1730 άπύλειαν
1121 1665 1290 1730 ἐκδίδωσιν·

145 1766 194 1830 καῖ
216 1766 274 1849 γάρ
297 1768 327 1830 οῖ
350 1769 383 1833 ἐν
405 1768 549 1855 θαλάσση
572 1766 727 1846 πλέοντες,
750 1769 864 1833 όπόταν
886 1767 1076 1850 περιπέσωσι
1092 1768 1225 1854 κινδύνιρ,
1242 1772 1291 1834 ἐκ·
1308 1795 1346 1836 10

143 1868 300 1950 βάλλουσι
323 1871 377 1935 τόν
401 1871 517 1952 φόρτον
547 1872 590 1939 είς
618 1871 674 1951 τῆν
697 1871 861 1937 θάλασσαν
886 1873 1006 1939 ἑκόντες
1027 1897 1061 1937 τε
1085 1870 1134 1937 καὶ
1157 1872 1291 1946 άκοντες,

144 1974 273 2053 ἐκόντες,
305 1976 356 2039 ίνα
392 1979 528 2055 σωθῆναι
564 1980 743 2054 δυνηθῶσιν,
773 1975 898 2042 άκοντες
935 1974 978 2051 δέ,
1008 1976 1056 2039 ὅτι
1092 1974 1145 2039 τὸν
1177 1975 1293 2058 φόρτον

144 2077 383 2162 άπο<λ>λύουσι
398 2077 436 2143 δι’
453 2077 489 2145 δν
503 2077 652 2145 πλέουσιν

188 2200 241 2263 49.
257 2178 383 2270 λοιβῆς]
396 2186 530 2262 σπονδῆς
627 2183 678 2247 60.
694 2180 799 2272 γενεῇ]
816 2185 853 2270 τῆ
868 2182 973 2267 ῆλικίᾳ
986 2180 1005 2261 ῆ
1020 2184 1056 2270 τῆ
1072 2182 1208 2268 εὐγενείᾳ
1219 2180 1285 2251 B÷

188 2286 239 2348 62.
261 2282 457 2374 ύποείξομεν]
474 2284 715 2369 συγχωρήσομεν
1308 2310 1344 2370 15

188 2384 239 2452 68.
262 2388 360 2468 φασίν
374 2413 463 2467 τινες,
475 2388 514 2456 ὦς
529 2389 581 2452 οὐκ
597 2389 710 2469 άσεβεῖ
724 2391 741 2453 6
757 2388 925 2472 Πάνδαρος,
936 2392 963 2455 εί
977 2389 995 2470 ή
1010 2388 1127 2468 Ἀθηνᾶ
1142 2388 1291 2470 συνεβού-

145 2499 238 2556 λευσε
253 2491 334 2554 καὶὸ
350 2491 426 2557 Ζεὺς
441 2490 642 2557 ἀπέσταλκεν.
679 2489 787 2576 ῥητέον
801 2491 844 2569 δέ,
859 2494 907 2557 ότι
922 2494 939 2555 6
952 2496 1010 2574 μέν
1025 2493 1101 2560 Ζεὺς
1122 2494 1208 2558 εῖδδς
1222 2491 1292 2559 τοὺς

146 2595 250 2676 ὅρκους
273 2600 369 2661 κακῶς
393 2594 743 2677 γεγενημένους-οὐδέν
768 2599 826 2679 γδρ
848 2596 950 2678 ἕτερον
971 2600 1072 2678 Τρῶες
1101 2592 1120 2674 ἢ
1148 2596 1199 2659 ἐπὶ
1228 2598 1293 2660 τοῖς

145 2698 318 2780 άλλοτρίοις
336 2697 555 2776 ὤμοσαν-διὰ
569 2703 657 2761 τοῦτο
674 2699 846 2764 ἐσπούδασε
861 2701 989 2775 λυθῆναι
1008 2698 1063 2766 τὰς
1078 2700 1198 2764 άδίκους
1219 2722 1291 2762 συν-

145 2798 247 2878 θήκας·
268 2799 403 2880 Ἀθηνᾶν
417 2803 450 2865 δέ
465 2806 518 2867 νῆν
531 2800 726 2880 ὑποληπτέον
739 2807 793 2865 τδν
809 2802 961 2884 λογισμὸν
975 2806 1029 2865 τοῦ
1044 2799 1214 2883 Πανδάρου·
1243 2801 1292 2865 καὶ
1308 2827 1346 2870 20

146 2902 234 2970 αὐτὸς
245 2901 319 2985 πρδς
332 2903 438 2968 ἐαυτδν
447 2909 540 2967 ταῦτα
555 2906 750 2987 διελογίζετο·
773 2904 898 2969 άπιστοι
912 2905 971 2988 γάρ
983 2903 1134 2971 Λυκάονες
1142 2901 1292 2990 (Ατίεδοίι.

145 3005 182 3069 fr.
193 3018 249 3088 151
266 3005 331 3092 Β]
346 3007 439 3070 άλλοι
448 3009 481 3071 δέ
493 3008 543 3071 καὶ
552 3008 653 3075 αύτοῖς
665 3007 769 3091 (τοῖς)
782 3006 917 3088 Ὁμήρου
925 3007 1051 3074 λύοντές
1060 3014 1141 3088 Φασι
1150 3031 1292 3088 προειρη-
1369 3050 1372 3061 ·

147 3108 229 3175 κέναι
243 3109 297 3173 τδν
308 3110 436 3189 ποιητήν
447 3114 587 3192 “πειρῖιν,
598 3113 627 3176 εί
641 3136 675 3175 κε
686 3109 814 3198 θέλησιν
823 3111 839 3137 ’”
852 3110 920 3194 (66,
933 3109 996 3197 71),
1009 3111 1079 3195 ούχὶ
1090 3113 1208 3175 πείθειν
1219 3108 1288 3171 A:

189 3210 240 3279 88.
263 3216 313 3278 διὰ
328 3213 358 3276 τί
371 3212 389 3292 ἡ
404 3213 520 3292 Ἀθηνᾶ
536 3215 578 3280 είς
594 3214 745 3297 σύγχυσιν
767 3220 827 3278 τῶν
842 3215 939 3296 ὅρκων
961 3214 996 3278 ού
1017 3219 1078 3279 τῶν
1091 3213 1204 3295 Τράων
1226 3213 1294 3279 τινά

147 3314 313 3396 ἐπελέξατο
329 3315 412 3379 ἀλλὰ
427 3323 487 3382 τῶν
503 3317 809 3400 ἐπικούρων-καίτοι
824 3316 1043 3400 κεχαρισμένος
1058 3318 1096 3381 άν
1110 3341 1156 3383 τις
1171 3315 1293 3400 ἐγένετο
1309 3347 1324 3385 2
1329 3342 1347 3402 5

145 3417 337 3505 Ἀλεξάνδρῳ
351 3423 481 3498 μᾶλλον,
499 3422 525 3485 εί
540 3426 600 3485 τῶν
615 3420 735 3486 οἰκείων
749 3418 880 3499 ῆν-καῖ
892 3423 943 3484 διδ
953 3420 984 3483 τί
994 3424 1053 3484 τιῖν
1068 3420 1233 3502 ἐπικούρων
1241 3418 1295 3483 τόν

147 3521 309 3605 Πάνδαρον
317 3520 502 3601 ἐπελέξατος
519 3524 571 3587 καί
578 3531 675 3605 φησιν
685 3520 901 3606 Ἀριστοτέλης
910 3521 962 3607 (fr.
973 3535 1031 3604 151
1043 3521 1105 3608 R),
1112 3524 1159 3586 ὅτι
1170 3527 1229 3586 τῶν
1238 3523 1295 3602 μέν

146 3626 258 3708 Τρύων
269 3623 382 3700 ούδένα,
399 3626 476 3690 διότι
492 3624 602 3693 πάντες
618 3626 709 3692 αὐτόν
720 3628 853 3706 ἐμίσουν,
868 3626 907 3694 ὥς
923 3628 939 3690 6
955 3623 1081 3706 ποιητής
1093 3633 1190 3707 φησιν
1201 3625 1296 3690 “ῖσον

146 3727 204 3812 γάρ
214 3736 291 3810 σφιν
302 3732 398 3794 πᾶσιν
410 3726 567 3812 ἀπήχθετο
578 3730 644 3812 κηρὶ
654 3727 806 3816 μελαίνη”
815 3728 870 3812 (Il.
880 3728 1004 3816 3.454),
1013 3734 1073 3792 τῶν
1085 3729 1118 3793 δέ
1130 3728 1295 3809 ἐπικούρων

147 3832 201 3897 τδν
215 3830 376 3913 Πάνδαρον
391 3829 554 3912 ἐπελέξατο
570 3833 609 3899 ὣς
625 3830 1027 3914 φιλοχρήματον-σημεῖον
1042 3833 1075 3895 δέ
1087 3831 1106 3911 ή
1119 3837 1178 3897 τῶν
1192 3832 1294 3895 ἵππων
1309 3848 1363 3916 30‘

147 3935 239 4000 αὐτοῦ
253 3933 303 4000 ἐπὶ
315 3939 398 4000 οίκον
414 3934 604 4017 κατάλειψις,
613 3936 713 4017 ἵναμή
724 3936 843 4019 δαπανᾷ
853 3934 908 4018 (ll.
919 3947 950 4016 5.
963 3933 1133 4019 191)-καῖ
1144 3936 1191 3998 ότι
1201 3933 1294 4015 φύσει

148 4040 296 4122 ἐπίορκος·
316 4038 352 4104 τδ
366 4044 441 4123 γοῦν
455 4039 542 4106 ἔθνος
557 4041 602 4104 ἐτι
617 4040 667 4104 καὶ
682 4044 735 4105 νῦν
746 4043 829 4104 δοκεῖ
844 4038 922 4104 εἶναι
933 4040 1084 4121 ἐπίορκον,
1094 4040 1166 4103 ὅθεν
1180 4039 1295 4102 ἐκεῖνος

147 4141 194 4225 ῆν·
225 4143 255 4206 οῖ
277 4139 310 4208 δέ
333 4151 439 4225 φασιν,
462 4142 510 4206 ότι
532 4142 658 4224 άρίστου
680 4142 717 4222 ῆν
738 4143 829 4226 χρεία
850 4147 904 4206 τοῦ
921 4141 1085 4223 δυναμένου
1102 4136 1293 4222 καταστοχά-

149 4250 265 4311 σασθαι
281 4248 330 4312 καὶ
345 4251 467 4328 τρῶσαι,
479 4246 531 4309 ούκ
545 4243 585 4325 ῆν
596 4244 630 4311 δέ
645 4271 690 4312 τις
705 4249 739 4310 ἐν
751 4248 792 4331 τῷ
804 4247 929 4331 Τρωικῷ
943 4243 1027 4326 μέρει
1041 4241 1167 4324 τοξότης
1182 4241 1295 4324 εύφυῆς

148 4346 167 4430 ῆ
181 4347 385 4431 Ἀλέξανδρος
401 4350 451 4413 καί
467 4347 635 4430 Πάνδαρος·
667 4347 716 4413 καὶ
731 4348 781 4412 διὰ
795 4354 883 4411 τοῦτο
900 4345 1066 4427 ἐπελέξατο
1081 4347 1172 4411 αύτόν
1187 4344 1252 4417 A÷
1310 4365 1347 4440 35

193 4471 245 4535 91.
268 4451 434 4536 Αἰσήποιο]
451 4453 590 4532 Αἴσηπος
604 4451 738 4532 ποταμός
752 4455 806 4531 τῆς
820 4451 879 4515 ὑπὸ
892 4453 928 4538 τῇ
941 4451 1006 4538 Ἴδη
1022 4451 1133 4516 Λυκίας

195 4574 266 4640 103.
290 4551 432 4643 Ζελείης]
448 4554 467 4634 ἡ
483 4558 541 4639 γδρ
556 4555 614 4619 ύπδ
632 4555 746 4642 τῇἸδη
763 4555 858 4619 Λυκία
873 4553 985 4619 Ζέλεια
1000 4554 1139 4618 ἐκαλεῖτο
1152 4551 1219 4622 A÷

196 4671 266 4742 105.
289 4655 402 4746 ἐσύλα]
419 4658 556 4742 ἐγύμνου,
572 4655 705 4739 ἐξέβαλε
719 4661 773 4737 τῆς
787 4655 881 4736 θήκης

186 4799 763 4864 ν.τόλεσι111,3.’λλαλκομένειον1)11μυ

151 4866 215 4930 ταρδ
226 4866 368 4929 Ἀλκαμένει
390 4873 400 4929 ΙΙ
422 4868 537 4933 supplevi
549 4884 580 4916 ex
592 4868 617 4918 D
635 4872 646 4927 n
666 4880 688 4931 5.
706 4817 818 4930 δευτέρον
831 4882 882 4916 non
892 4872 990 4916 oenum
1008 4872 1018 4926 ΙΙ
1039 4866 1126 4927 ιό-τ3.
1143 4882 1209 4930 ηοω
1222 4881 1253 4916 ιι
1264 4866 1298 4915 13²

150 4949 234 5048 αρτὶιρ
247 4934 269 4984 Τ
278 4934 400 4999 supplevi.
411 4934 472 4999 σαῖς
481 4939 550 4984 σιτία
560 4940 630 4997 ισοι,
641 4949 692 4983 non
703 4933 805 4983 ιιοοίατὶ
824 4937 835 4991 ΙΙ
853 4944 893 4995 33,
905 4946 945 4996 γρ
957 4931 1045 4995 τρῶσαι
1056 4930 1096 4981 καί
1106 4946 1209 4981 numer.
1221 4937 1251 4982 ut
1261 4933 1296 4996 A,

150 5014 181 5049 c.

780 4801 847 4865 plevi
859 4817 890 4850 ex
906 4800 931 4850 D
944 4806 955 4860 ΙΙ
967 4817 991 4866 4ι
1003 4799 1058 4864 παρ’
1070 4797 1244 4861 Ἀλαλκομένει
1255 4801 1295 4851 D:
