2984 5474
547 665 717 726 ιλιλοος
742 662 777 726 ε.
799 658 888 747 (14)

190 847 259 911 172.
281 827 392 919 ἐδανηῖ]
410 833 546 919 συστολῇ
562 835 614 894 τοῦ
628 841 648 910 ῆ
665 832 708 898 είς
723 830 817 901 ÷A÷

189 936 258 1014 176.
282 931 450 1023 πεξαμένη]
470 937 637 1006 κτενίσασα

189 1039 260 1102 180.
284 1036 419 1128 ἐνετῆσι]
436 1038 497 1104 ἀπὸ
512 1044 564 1103 τοῦ
579 1038 714 1105 ἐνίεσθαι
729 1042 793 1105 τοῖς
809 1039 937 1121 ἱματίοις

189 1141 259 1206 181.
281 1139 439 1231 θυσάνοις]
456 1147 600 1226 κροσσοΐς

189 1247 260 1311 182.
283 1243 409 1335 ἕρματα]
426 1248 534 1312 ἐνιύτια
548 1245 618 1307 A:
753 1241 840 1334 ἧκεν]
858 1243 979 1324 ἐνέηκεν
1305 1263 1323 1323 5

285 1347 429 1438 λοβοῖσι]
445 1355 509 1417 τοῖς
524 1352 655 1416 ἁπαλοῖς
670 1354 731 1413 τῶν
745 1348 843 1414 ὧτίων

189 1453 258 1535 185.
282 1451 429 1542 νηγατέιρ]
447 1455 557 1519 νεωστὶ
571 1451 723 1539 γενομένῳ
862 1463 931 1535 195.
955 1447 1045 1538 αύδα]
1062 1449 1136 1534 λέγε

189 1559 259 1642 196.
278 1561 305 1623 εέ
320 1560 447 1640 δύναμαι
464 1556 579 1624 τελέειν
594 1555 643 1622 καὶ
663 1558 690 1622 εί
712 1554 928 1636 τετελεσμένον
942 1551 1042 1643 ἐστίν]
1059 1560 1146 1619 τοῦτο
1161 1556 1290 1636 ὕστερον

143 1662 288 1743 πρότερον
303 1664 353 1728 καὶ
367 1664 579 1746 πρωθύστερον

187 1783 260 1832 202.
283 1765 316 1830 ἐὺ
330 1762 458 1853 τρέφον]
473 1763 539 1848 μετ’
554 1763 729 1845 ἐπιμελείας
743 1764 857 1846 ἀνῆγον
1308 1787 1346 1828 10

187 1886 259 1952 203.
282 1866 395 1957 Ῥείης]
412 1872 480 1951 περὶ
495 1872 547 1948 τῆς

188 1991 260 2053 204.
283 1974 359 2064 ἀντὶΙ
372 1978 425 2037 τοῦ
447 1971 642 2053 κατέπεμψεν
663 1972 790 2051 ἀφῆκεν.
821 1971 854 2034 ἐκ
876 1974 930 2034 τοῦ
953 1971 1018 2050 ίημι
1038 1970 1074 2034 τά
1090 1968 1198 2050 πέμπω
1214 1973 1289 2036 εἵσω

143 2078 214 2144 είσα
236 2079 322 2143 είσας
349 2078 416 2142 είσε
445 2077 494 2141 καὶ
515 2078 592 2157 μετδ
613 2079 666 2139 τοῦ
689 2073 765 2139 κατά
794 2078 971 2155 προθετικαῦ
994 2072 1175 2153 “καθεῖσε,”
1199 2078 1292 2138 τοῦτ

144 2181 186 2246 εές
198 2166 218 2244 θ
234 2179 423 2261 τρεπομένου,
440 2179 487 2243 ὅτι
501 2178 536 2242 τά
551 2180 616 2259 ίημι
630 2182 665 2241 τὸ
680 2175 788 2256 πέμπω
803 2175 966 2242 δασυντέον

188 2284 259 2349 216.
283 2279 437 2370 ὀαριστύς]
456 2283 561 2364 ὁμιλία
1309 2301 1345 2360 15

188 2400 260 2468 217.
283 2382 454 2474 πάρφασις]
471 2384 712 2468 παραλογιστική
843 2400 916 2450 221.
939 2380 1015 2472 ὅτι]
1032 2384 1061 2450 εί
1074 2409 1103 2448 τι

188 2490 272 2574 229.Ι
284 2489 320 2568 ἐξ
331 2485 446 2576 Ἀθόω]
465 2491 550 2571 ὅρους
567 2486 690 2573 Θρᾴκης
703 2486 735 2548 Α
744 2501 771 2557 ÷

187 2610 259 2671 240.
281 2589 470 2680 ὑπὸ-ἥσει]
485 2590 634 2672 ὑποθήσει

188 2710 260 2779 250.
283 2697 358 2764 Διὸς
371 2692 450 2784 υἱός]
467 2698 484 2760 ὁ
499 2695 663 2777 Ἡρακλῆς·

186 2801 341 2883 Ἡρακλῆς
374 2800 624 2881 ἀνακομιζόμενος
649 2799 725 2882 μετὰ
751 2799 785 2863 τδ
810 2800 962 2882 πορθῆσαι
986 2800 1099 2882 Τροίαν
1124 2799 1287 2882 γενόμενός
1305 2823 1345 2865 20

143 2930 177 2970 τε
203 2908 278 2969 κατδ
303 2903 337 2968 τὸ
361 2905 489 2987 Αἰγαῖον
511 2901 645 2986 πέλαγος
671 2902 823 2984 βουλήσει
845 2901 945 2986 Ἥρας
967 2905 1089 2985 σφόδρα
1118 2902 1290 2986 συνεσχέθη

143 3014 282 3093 χειμῶνι·
312 3009 488 3086 κατασυρεὶς
509 3009 542 3071 δέ
565 3009 608 3074 είς
630 3011 700 3072 Κῶν
721 3007 856 3087 ἐκωλύθη
879 3009 1024 3088 ἐπιβῆναι
1041 3010 1094 3085 τῆς
1116 3006 1211 3086 νήσου
1232 3009 1291 3071 ύπδ

144 3112 320 3194 Εὐρυπύλου
344 3116 398 3175 τοῦ
427 3116 621 3178 Ποσειδῶνος
650 3112 872 3192 βασιλεύοντος
901 3112 1006 3192 αὐτῆς·
1038 3109 1229 3191 βιασάμενος
1258 3111 1292 3174 δέ

144 3216 184 3283 ὡς
198 3216 315 3302 λῃστής
329 3217 441 3295 ἐπιβδς
457 3216 559 3280 ἀνεῖλε
581 3215 682 3279 τόντε
705 3214 883 3297 Εὐρύπυλον
905 3215 954 3279 καὶ
975 3213 1044 3281 τοὺς
1066 3218 1176 3281 παῖδας
1191 3213 1290 3290 αύτοῦ,

142 3321 240 3403 μιγεὶς
256 3324 289 3384 δέ
307 3320 343 3406 τῇ
360 3313 483 3401 θυγατρὶ
501 3318 591 3383 αύτοΰ
606 3320 767 3405 Χαλκιόπη
783 3322 954 3383 Θεσσαλὸν
969 3317 1132 3402 ἐγέννησεν
1142 3317 1211 3387 A÷
1308 3340 1344 3400 25

189 3438 261 3507 253.
284 3420 328 3511 οῐ]
346 3423 424 3508 αὐτῷ
557 3434 631 3503 255.
653 3417 720 3509 μίν]
737 3427 790 3488 τὸν
804 3422 962 3504 Ἠρακλέα

190 3529 261 3611 256.
285 3522 364 3614 δδέ]
382 3528 399 3590 ἀ
414 3527 490 3594 Ζεύς
622 3526 693 3591 261.
716 3522 818 3614 άζετο]
838 3525 1013 3609 ἐνετρέπετο

189 3631 260 3696 281.
283 3626 340 3718 τύ]
358 3630 440 3694 οὗτοι
565 3625 708 3717 Ἴμβρου]
728 3633 820 3710 νῆσος
836 3627 960 3712 Θρήκης

189 3733 260 3800 282.
282 3730 471 3821 πρήσσοντε]
488 3735 634 3798 κόπτοντε
710 3743 712 3746 ’

190 3837 262 3917 284.
285 3833 416 3924 Λεκτόν]
434 3835 666 3919 ἀκρωτήριον
630 3862 683 3916 της
695 3835 785 3917 Ιδης,
806 3835 993 3918 κεκλημένον
1011 3836 1071 3901 ἀπὸ
1092 3862 1145 3901 του
1130 3838 1246 3904 ἐν’
1212 3840 1290 3925 αυτηῖ
1306 3863 1345 3922 30

145 3945 359 4020 κατακλιθῆναι
375 3942 437 4005 Δία
452 3941 502 4005 καὶ
512 3938 623 4022 Ηραν.
667 3968 688 4024 γ
687 3939 791 4005 ’δέ
759 3966 797 4004 τα
812 3939 1032 4022 ἀκρωτήρια
997 3965 1048 4018 της
1069 3940 1159 4020 ’,Ιδης
1176 3944 1293 4008 Λεκτόν

144 4046 299 4129 Γάργαρον
313 4044 458 4125 Φαλάκρη
475 4042 528 4129 (ef.
543 4045 583 4108 ad
599 4043 640 4108 Il.
656 4044 686 4111 8.
700 4041 758 4130 48)
772 4043 841 4114 Αθ-

188 4150 261 4236 326.
285 4144 513 4236 Δήμητρος]
478 4173 531 4226 της

188 4272 261 4339 333.
285 4249 344 4341 ἔοι]
360 4249 493 4340 ύπ]άρ]ξ
491 4277 521 4316 οι
651 4271 724 4338 344.
748 4249 915 4342 διαδράκοι]
933 4253 1135 4318 κατοπτεύσαι

188 4370 260 4443 347.
284 4355 433 4437 νεοθηλέα
448 4357 551 4445 ποίην]
566 4360 691 4442 χλωρδν
705 4355 841 4438 βοτάνην
1307 4381 1345 4444 35

188 4461 261 4547 348.
283 4458 398 4550 λωτόν]
414 4462 494 4529 εἶδος
508 4463 618 4546 χάρτου
632 4461 700 4535 Αὴ

188 4587 261 4655 349.
285 4563 412 4654 πυκνόν]
429 4568 509 4632 ὥστε
523 4569 650 4646 ποιῆσαι
665 4571 790 4649 στρθμα

190 4702 192 4707 ’
288 4667 441 4757 μαλακόν]
457 4669 667 4752 ἀναπαύσιμον
798 4666 948 4789 έεργε]’
914 4669 1019 4737 αιτοδς
1034 4671 1157 4754 ἀνεῖχεν

177 4840 330 4888 ρροσσ
296 4821 726 4938 Βω117681113
737 4825 851 4890 ῐιοπίριί
918 4829 1105 4884 υποιιαιαιιιι
1074 4821 1293 4886 mmmmm,

144 4889 287 4953 κατοσυρθεέ
288 4892 397 4941 :Dua
412 4887 512 4953 ἀσύρηι
540 4894 550 4951 ΙΙ
581 4904 653 4956 ²1¹¹
637 4889 793 4940 ediante&
762 4822 931 4956 ωτιαρρίέιιά
918 4843 1026 4940 WAB¹D
1055 4893 1066 4951 n
1097 4889 1293 5016 290271802201·

144 4955 285 5019 πλήσσοντε
314 4961 324 5016 11
354 4968 455 5019 34ιιατ
408 4953 570 5005 ιιατοιοττείισ
548 4961 607 5018 οι]
634 4957 673 5020 38.
690 4956 824 5020 ἀνιῖιυΙλχ
799 4956 897 5007 Βιάνι
898 4955 953 5006 ιλαι
