2984 5474
187 657 252 722 518
601 665 772 726 1A1AA02
797 666 836 728 11.
859 660 927 751 (ι)

234 848 305 893 100.
328 826 411 919 αύθι]
428 830 532 895 αὐτόθι
672 827 807 921 ἀκήριοι]
824 833 941 916 ἀψυχοι

327 931 451 1001 ἀκλεέες
466 934 511 1015 ήν,
528 935 577 998 καὶ
595 935 712 1023 ἐκβολῇ
727 941 780 1000 τοῦ
795 938 812 1001 ἒ
831 937 953 1020 ἐγένετο
975 936 1143 1005 “welf’'
1167 934 1187 1017 ἢ
1208 937 1343 1016 ἀκλεεῖς,

187 1038 236 1101 καὶ
250 1039 366 1125 ἐκβολῇ
382 1042 434 1102 τοῦ
448 1039 462 1102 ἱ
478 1044 495 1073 “
505 1037 614 1106 ἀκλεές
622 1039 640 1064 ”

233 1140 305 1205 108.
328 1140 478 1224 δεξιτερῆς
492 1142 545 1208 ἕλε
560 1138 676 1232 χειρός]
694 1146 737 1211 είς
752 1142 867 1212 πλάτος
882 1144 990 1224 ὡμίλει

155 1257 173 1318 5
236 1245 306 1312 128.
328 1242 452 1334 γενεήν]
469 1245 600 1327 πατέρας
730 1242 834 1336 τόκον]
851 1253 960 1315 παῖδας

235 1369 306 1434 133.
330 1345 512 1437 Κελάδοντι]
529 1346 548 1428 ἢ
564 1352 615 1413 διδ
628 1349 682 1415 τὸν
697 1349 775 1434 ήχον
789 1356 842 1415 τοῦ
855 1351 1001 1434 ῥεύματος
1015 1351 1056 1414 ad
1070 1373 1118 1435 pr.
1134 1350 1207 1416 add.
1226 1372 1287 1416 see.

233 1454 305 1538 138.
331 1449 554 1541 <κορυνήτην>]
587 1453 694 1540 κορύνῃ
720 1453 787 1534 ήτοι
812 1452 918 1540 ῥάβδῳ
944 1456 1127 1539 μαχόμενον.
1166 1455 1276 1537 κορύνη
1310 1453 1345 1519 δέ

187 1559 254 1623 ἐστι
267 1558 404 1640 ῥόπαλον
420 1556 600 1638 ἀμυντήριον
615 1557 816 1640 έτερορρεπές,
827 1555 864 1637 ἐξ
876 1557 944 1626 ἑνὸς
957 1557 1067 1641 μέρους
1083 1559 1184 1642 ῥοπὴν
1202 1559 1278 1643 ἔχον
1294 1558 1345 1622 καὶ

186 1659 284 1743 βάρος

139 1785 177 1829 ιο
235 1767 307 1850 156.
329 1764 452 1847 λέγεται
466 1762 665 1847 “παρήορος”
682 1765 731 1830 καὶ
749 1765 810 1850 (ό)
828 1764 1067 1848 παρεζευγμένος
1082 1764 1169 1833 ἐκτὸς
1182 1771 1238 1830 τοΰ
1254 1766 1344 1849 ζυγοῦ

187 1872 280 1936 ίππος
295 1867 345 1933 καὶ
360 1870 377 1932 δ
392 1869 498 1951 ἄφρων
513 1873 577 1938 Α-Ι-

234 1973 307 2038 168.
329 1966 591 2060 Ἀνδραιμονίδης]
607 1970 671 2037 υίδς
686 1969 901 2052 Ἀνδραίμονος

234 2089 306 2156 171.
329 2071 503 2163 διαμπερές]
520 2074 656 2157 ἀντικρὺς
672 2076 722 2141 καὶ
737 2076 875 2158 φανερῶς

235 2195 306 2263 197.
328 2174 441 2266 δίηται]
458 2177 639 2260 ἐκφοβήσει,
655 2178 756 2258 διάξει

136 2304 176 2365 15
234 2284 306 2349 206.
330 2278 457 2370 νόροπι]
475 2285 508 2347 ἐκ
526 2283 579 2348 τοῦ
594 2285 630 2365 17η
647 2285 822 2366 στερητικοῦ
836 2283 942 2366 μορίου
965 2285 1082 2349 καὶτοῦ
1099 2285 1159 2367 όρῶ
1175 2283 1210 2349 τὸ
1224 2283 1346 2365 βλέπω,

188 2388 329 2466 δηλονότι
344 2394 384 2473 τῷ
400 2386 654 2474 περιλάμπ<ρ>ιρ,
670 2388 710 2474 τῷ
727 2388 780 2452 τοῦ
796 2387 869 2468 όράυ
885 2388 1077 2470 στερίσκοντι

233 2491 306 2558 216.
329 2487 502 2578 πάτασσεν]
520 2495 554 2556 ἐν
568 2492 677 2577 παλμῷ
695 2491 742 2556 καὶ
758 2489 876 2571 κινήσει
891 2489 929 2571 ήν

234 2613 306 2661 221.
330 2591 403 2682 ύλῃ]
422 2594 588 2682 συνδένδρῳ
720 2595 793 2660 226.
816 2596 917 2660 οίόθεν
931 2590 1010 2681 οἶος]
1025 2595 1117 2674 μόνος
1136 2600 1213 2677 πρδς
1226 2594 1324 2676 μόνον

234 2713 308 2784 235.
331 2695 481 2786 ἀφαυροῦ]
502 2701 649 2769 ἀσθενοῦς

139 2827 178 2869 20
235 2822 308 2883 241.
330 2799 454 2891 σταδίῃ]
471 2802 537 2883 ήτοι
552 2830 588 2891 τῃ
607 2802 762 2884 συστάδην
775 2802 860 2886 μάχῃ

235 2920 307 2989 254.
331 2902 471 2995 ἐκλίνθη]
488 2906 622 2987 ἐξέκλινε
637 2906 713 2989 πρδς
727 2907 834 2973 ἑαυτόν
965 2901 1110 2994 ἀλεύατο]
1127 2904 1280 2988 ἐξέφυγεν

235 3011 307 3078 262.
329 3006 458 3098 τμήδην]
475 3016 623 3090 τμητικόνς

234 3117 307 3198 298.
333 3110 496 3201 <ἀγῶνα>]
512 3114 566 3179 τδυ
580 3114 654 3181 ναὸν
669 3115 820 3193 δηλονότι·
838 3111 961 3197 λέγεται
977 3114 1009 3176 δέ
1024 3112 1073 3178 καὶ
1088 3113 1140 3178 ἐπὶ
1155 3114 1260 3189 τόπου,
1277 3112 1313 3176 οὗ
1328 3113 1347 3174 ό

189 3219 273 3303 ἀγόν
288 3223 344 3280 Bu

141 3333 180 3398 ²5
234 3336 308 3409 315.
331 3318 461 3410 άρσευα]
478 3325 528 3386 διδ
542 3321 577 3385 τδ
593 3323 720 3386 δυνατόν

331 3422 548 3514 πενταέτηρον]
565 3425 664 3490 διὰτὸ
680 3424 850 3508 παχύτερον

234 3548 309 3615 330.
331 3525 415 3617 ὀξύς]
432 3529 481 3594 διὰ
497 3527 530 3592 τά
547 3528 596 3593 διδ
610 3532 681 3608 μιᾶς
696 3530 774 3611 ὥρας
789 3528 924 3594 πολλοὺς
939 3526 1116 3609 σφαγιάσαι

234 3633 308 3717 336.
332 3634 410 3715 ἀμφὶ
425 3628 534 3720 πυρήν]
552 3631 613 3696 ἀπδ
627 3635 680 3711 τῆς
695 3635 791 3714 πυράς
921 3626 988 3718 ἕνα]
1006 3631 1070 3695 καθ’
1087 3630 1142 3696 ένα

232 3757 254 3823 3
255 3750 306 3822 53.
330 3737 452 3818 ὤφελεν
463 3740 560 3801 είπεῖν
571 3746 581 3772 ‘
591 3737 645 3801 ἐδν
659 3736 700 3816 μὴ
714 3730 863 3818 ρέζωμεν’
878 3735 927 3798 καὶ
943 3734 1028 3798 εἶπεν
1042 3736 1112 3799 ιἴνα
1125 3734 1167 3815 μή
1181 3732 1346 3818 ῥέξωμεν·’

141 3860 179 3918 30
191 3841 288 3922 έλοβε
303 3844 337 3906 δὲ
353 3840 523 3922 σύνδεσμον
538 3841 605 3906 ἀντὶ
620 3838 791 3918 συνδέσμου

233 3945 307 4030 366.
331 3939 666 4031 θεόφιν-ἀτάλαντος]
683 3947 746 4010 τοῖς
762 3946 843 4009 θεοῖς
858 3944 927 4009 ίσος

233 4049 307 4135 380.
329 4044 506 4134 τελέεσσιν]
522 4052 585 4113 τοῖς
600 4045 753 4129 τάγμασιν

232 4170 308 4238 390.
331 4147 385 4239 ὡς]
401 4155 419 4184 “
429 4149 489 4217 δς.”
512 4151 539 4234 φ.
555 4151 643 4214 τοῦτο
660 4145 725 4214 καθ’
741 4147 831 4214 αύτδν
846 4146 968 4227 νοητέον
985 4150 1082 4214 είπεῖν
1097 4146 1150 4213 τὸν
1164 4146 1279 4214 Ἰδαῖον

232 4255 308 4335 416.
331 4250 472 4342 ἀπέειπε]
488 4252 590 4333 ἐξεῖπε
720 4253 796 4331 418.
818 4249 910 4340 ὕλην]
925 4251 993 4333 ήτοι
1009 4251 1203 4336 ξυλαγωγίαν

140 4375 177 4436 35
233 4378 307 4444 433.
330 4355 391 4422 οὔτ’
407 4357 444 4439 ἀρ
456 4352 518 4444 πω]
536 4356 653 4422 ούδέπω

231 4479 307 4545 447.
331 4457 447 4549 ἐνίψει]
465 4462 571 4542 κυρίως
584 4464 641 4542 μὲν
656 4457 829 4540 ἐπιπλήξει,
845 4460 899 4524 νῦν
914 4460 948 4523 δέ
963 4456 1032 4525 ἀντὶ
1048 4459 1100 4524 τοῦ
1117 4462 1180 4542 ἐρεῖ
1193 4457 1279 4539 λέξει

232 4568 307 4652 463.
331 4560 550 4652 ἀμαλδύνηται]
567 4564 748 4646 ἀφανίζηται
877 4560 953 4645 478.
977 4558 1071 4652 σφίυ]
1087 4561 1325 4642 τοῖςἝλλησιυ

402 4768 440 4821 16.
458 4768 498 4820 καὶ
509 4774 570 4820 ποτε
581 4787 605 4821 τ.
616 4768 699 4819 delevi
717 4773 728 4829 ΙΙ
749 4782 787 4820 ιο.
803 4766 865 4817 nard
876 4771 936 4818 ante
947 4781 1019 4818 σοστ.
1031 4767 1080 4818 del.
1092 4767 1128 4817 W
