2984 5474
568 667 738 733 ιλικυος
761 672 793 731 τ.
816 664 882 753 (3)
1233 665 1295 730 501

149 841 284 920 πλησίον
308 845 361 905 τοῦ
386 838 545 915 Ὠκεανοῦ,
570 840 645 920 όπερ
667 841 813 918 πολεμεῖν
838 841 904 904 ταῖς
929 837 1068 919 γεράνοις
1097 838 1196 919 φασὶν
1221 839 1297 902 ἀπο·

147 947 351 1024 βλαπτοῦσας
366 943 465 1008 αὐτῶν
480 945 518 1006 τδ
534 941 691 1024 σπέρματα

195 1066 245 1111 11.
269 1046 395 1131 (νυκτὸς
410 1042 561 1133 ἀμείνω)]
578 1045 632 1125 τῆν
648 1045 782 1129 όριίχλην
796 1044 876 1125 φησὶ
890 1048 953 1110 τοῖς
967 1048 1023 1124 μὲν
1038 1044 1182 1125 ποιμέσιν
1202 1045 1299 1126 ἀσῦμ·

148 1158 246 1233 φορον
270 1150 357 1224 εἶναι,
373 1154 436 1217 τοῖς
459 1154 492 1215 δὲ
515 1148 659 1215 κλέπταις
682 1149 731 1213 καὶ
755 1146 860 1215 νυκτδς
886 1146 1131 1229 ὠφελιμωτέραν,
1155 1148 1221 1214 έπεὶ
1245 1151 1298 1228 τῆς

146 1255 203 1333 μὲν
229 1253 334 1320 νυκτὸς
362 1251 530 1334 ὡρισμένον
555 1252 689 1335 έχοόσης
719 1252 823 1334 καιρὸν
852 1253 886 1316 έν
914 1251 1073 1336 ἀσφαλείᾳ
1102 1250 1329 1342 φυλάσσεται5

147 1355 185 1420 τά
200 1354 392 1437 βοσκήματα,
408 1359 462 1435 τῆς
477 1358 511 1420 δὲ
525 1353 638 1436 ἡμέρας
653 1353 887 1434 έσκεδασμένοις
910 1353 1011 1420 αὐτοῖς
1032 1356 1108 1417 κατδ
1128 1353 1182 1421 τάς
1203 1357 1297 1436 νομάς

147 1459 262 1524 ὁπόταν
274 1458 427 1541 ἐξαίφνης
442 1458 557 1545 έπέλθῃ
572 1460 686 1542 ὁμίχλη
704 1453 866 1545 [εὐκήόλως
881 1456 957 1520 αὐτὰ
971 1457 1171 1548 ἀφαιροῦνται

193 1562 244 1626 18.
268 1559 373 1651 ξίφος]
390 1561 493 1641 σπάθη

192 1683 243 1743 24.
267 1662 390 1753 κεραόν]
408 1667 493 1752 ζιρόν·
518 1670 624 1748 νεκροῦ
638 1662 697 1748 γάρ
711 1672 792 1746 φασι
807 1664 848 1745 μῆ
864 1662 1015 1729 ἅπτεσθαι
1030 1669 1084 1730 τὸν
1097 1663 1209 1730 λέοντα
1223 1664 1292 1727 A:

190 1787 242 1852 39.
265 1766 459 1858 γυναιμανές]
481 1771 532 1834 ἀπὶ
558 1767 678 1852 γυναιξὶ
702 1769 891 1849 μαινόμενος,
916 1765 935 1846 ῆ
958 1772 1101 1850 γυναῖκας
1123 1770 1167 1836 είς
1187 1769 1298 1850 μανίαν
1314 1799 1351 1840 ιο

146 1872 250 1954 φέρων
264 1876 314 1937 διδ
329 1879 364 1937 τδ
379 1873 494 1940 κάλλος
508 1872 575 1944 A†

265 1976 300 2040 τὸ
314 1975 544 2059 “γυναιμαυές”
562 1976 622 2040 ἀπὸ
640 1979 694 2055 τῆς
715 1975 856 2058 γυναικός
877 1977 999 2058 γενικῆς
1021 1974 1173 2056 συνεκόπη
1195 2001 1297 2059 γυναι-

146 2077 283 2158 κομανές,
307 2081 356 2145 καὶ
382 2080 452 2164 οὐχὶ
476 2078 536 2144 ἀπὸ
559 2082 612 2158 τῆς
639 2082 790 2159 κλητικῆς·
819 2076 963 2144 οὐδέποτε
987 2082 1046 2162 γδρ
1071 2079 1132 2143 ἀπδ
1156 2080 1298 2158 κλητικῆς

146 2182 292 2247 σύνθετον
307 2185 403 2264 ὄνομα
418 2185 598 2259 συντίθεται,
615 2183 676 2246 ἀπδ
691 2184 724 2247 δέ
739 2181 846 2248 ἀλλων
860 2182 1007 2247 στάσεων

265 2284 470 2368 ῆπεροπευτής
493 2287 526 2351 έκ
554 2290 607 2349 τοῦ
630 2286 739 2368 ήμερος
764 2287 814 2350 καί
838 2288 892 2348 τοῦ
916 2286 970 2367 ὄψ,
995 2285 1013 2349 δ
1042 2282 1215 2374 σήημαίνει]
1243 2285 1298 2366 τήν
1314 2308 1351 2370 15

147 2386 262 2469 φωνήν,
286 2391 303 2452 ὁ
325 2388 424 2475 ῆμέρφ
447 2385 532 2477 ἀπήὶ]
555 2388 720 2471 χριόμενος·
743 2387 772 2468 ἤ,
796 2389 901 2470 ὥσπερ
923 2391 1005 2471 παρδ
1029 2385 1093 2477 [τὸ]
1121 2389 1183 2472 έχω
1207 2390 1299 2473 όχεῦς

147 2492 197 2555 καί
219 2490 290 2572 έπω,
319 2489 353 2578 [ό
377 2489 459 2579 ἐστι]
485 2490 577 2574 λέγω,
600 2491 700 2568 ἀπεός,
724 2488 942 2580 πλεοήνασμφ]
966 2495 1019 2556 τοῦ
1044 2492 1101 2575 πέρ
1128 2491 1298 2573 συνδέσμου

146 2596 294 2676 περοπεός
319 2597 368 2659 καὶ
382 2598 458 2676 μετὰ
475 2599 527 2658 τοῦ
547 2605 566 2657 ᾶ
586 2599 639 2658 τοῦ
654 2596 854 2676 σημαίνοντος
872 2591 936 2684 [τὸ]
954 2601 1047 2662 κακὸν
1061 2593 1296 2685 ἇπεροπευήτής]

147 2695 197 2758 καὶ
212 2696 306 2780 τροπῇ
322 2690 559 2782 ήπεροπήευτής]
576 2695 669 2759 οἱονεί
685 2695 701 2756 δ
717 2695 797 2780 κακῷ
813 2691 931 2783 λόγήῳ]
946 2696 1101 2779 χριόμενος
1117 2697 1167 2761 καὶ
1182 2695 1282 2783 ἀπάτῃ

188 2796 242 2878 56.
265 2795 456 2882 δειλήμονες]
471 2796 620 2881 γράφεται
640 2796 689 2863 καί
701 2795 909 2880 *(δειδήμονες*
918 2797 936 2824 ”
951 2799 1110 2882 ἀμφότερα
1120 2801 1153 2865 δδ
1167 2803 1297 2879 δηλοῦσι
1312 2820 1350 2860 το

142 2900 215 2968 »τοὺς
230 2902 374 2982 εὐλαβεῖς

189 3017 241 3085 57.
265 3001 358 3094 έσσο]
375 3004 518 3071 ένδέδυσο
649 3007 701 3072 60.
723 3003 858 3095 ἀτειρής]
875 3007 1101 3086 ἀκαταπόνητος

189 3107 241 3172 61.
265 3108 300 3175 ὅς
314 3106 340 3172 τ’
356 3106 451 3197 εἶσιν]
470 3109 686 3191 προσληπτέον
701 3110 736 3173 τδ
752 3110 997 3192 καταφερόμενον

189 3212 242 3296 63.
266 3213 306 3279 ὥς
321 3209 382 3301 τοι]
401 3214 476 3277 οὕτω
492 3238 544 3277 σοι

189 3315 241 3394 64.
264 3322 284 3353 “
294 3316 427 3399 χρυσέης
437 3315 457 3343 ”
480 3319 583 3395 καλῆς.
607 3317 634 3400 φ.
651 3315 794 3380 Ἐστιαία
815 3321 848 3381 δὲ
870 3316 889 3395 ή
910 3316 1099 3400 γραμματική
1120 3324 1227 3398 φησιν,
1248 3319 1294 3383 ὅτι
1312 3328 1349 3397 2'5

145 3419 253 3484 πεδίον
282 3421 349 3485 ἐστὶ
379 3424 512 3502 χρυσοῦν
538 3420 737 3501 καλούμενον,
761 3422 794 3484 ἐν
816 3417 839 3506 ᾧ
863 3417 1048 3503 Ἀφροδίτην
1069 3424 1224 3500 τιμάσθω,
1246 3419 1296 3486 καὶ

145 3522 223 3587 εἶναι
239 3525 314 3587 οὕτω
329 3525 444 3607 χρυσῆς
460 3522 642 3606 Ἀφροδίτης
664 3524 753 3604 ίερόν.
783 3524 832 3588 καὶ
848 3523 877 3587 οί
891 3525 947 3604 μέν
962 3524 1024 3588 ἀπὸ
1046 3527 1099 3603 τῆς
1122 3523 1243 3606 Πάφου,
1266 3524 1296 3589 οί

145 3628 178 3690 δὲ
194 3626 250 3707 τήν
268 3625 374 3706 καλήν·
399 3627 557 3709 Κλεάνθης
569 3629 602 3692 δέ
617 3626 666 3715 (fr.
684 3645 704 3714 3
720 3625 788 3711 W.)
804 3626 854 3690 καί
866 3628 900 3694 έν
915 3626 1027 3712 Λέσβῳ
1050 3628 1127 3692 οὕτω
1149 3632 1296 3708 τιμᾶσθαι

146 3727 330 3812 Ἀφροδίτην
343 3734 462 3814 κνισῆν
477 3731 543 3794 B=

189 3833 241 3915 65.
264 3830 443 3921 ἀπόβλητα]
461 3835 620 3915 ἀποβολῆς
635 3835 707 3916 άξια
1308 3854 1348 3912 30

188 3937 241 4002 66.
264 3933 354 4026 έκάν]
370 3940 464 4022 οίκείρ
481 3940 607 4026 σπουδῇ,
622 3939 663 4020 μή
675 3941 818 4005 διδόντων
832 3938 929 4004 αῦτῦν

190 4054 240 4125 73.
263 4037 423 4130 ταμόντες]
443 4042 480 4106 δι’
497 4043 630 4123 έντομῦν
645 4041 847 4123 ποιησάμενοι
863 4042 927 4112 B÷

190 4144 239 4208 80.
263 4141 486 4232 τιτυσκόμενοι]
504 4147 797 4229 καταστοχαζόμενοι
813 4146 883 4209 A:

189 4245 239 4332 83.
263 4244 402 4335 στεῦται]
423 4251 504 4330 παρὰ
522 4248 557 4311 τὸ
576 4251 686 4326 στῆθος
709 4251 775 4314 οίον
798 4252 831 4315 ἐν
852 4254 916 4317 τοῖς
938 4248 1068 4330 στήθεσι
1087 4255 1294 4318 διανοεῖται-

144 4350 209 4415 έκεῖ
229 4352 288 4433 γὰρ
303 4356 338 4413 τὸ
353 4352 489 4433 λογικόν,
507 4352 547 4418 ὥς
562 4358 661 4432 φησιν
671 4351 808 4436 Ὀμηρος
824 4357 963 4435 “στῆθος
985 4356 1018 4419 δέ
1036 4352 1155 4434 πλήξας
1171 4358 1294 4438 κραδίην
1307 4374 1345 4437 35

143 4452 278 4532 ἠνίπαπε
298 4454 382 4539 μύθῳ
391 4453 409 4478 ”
426 4450 501 4539 (od.
519 4474 569 4522 20.
588 4454 706 4543 17)-ῆ
727 4459 809 4541 παρδ
829 4464 864 4523 τὸ
890 4458 996 4542 (στῶ)
1019 4459 1125 4536 στεόω,
1145 4459 1185 4528 ὦς
1207 4461 1293 4525 άθλῦ

143 4557 273 4637 ἀθλεόω,
287 4558 426 4623 στεόεται
442 4560 491 4623 καὶ
508 4561 583 4623 κατά
598 4560 756 4642 συγκοπῆν
771 4565 788 4594 “
799 4565 921 4627 στεῦται
927 4559 945 4587 ”

189 4660 241 4738 84.
263 4656 357 4747 άνειρ]
374 4660 445 4726 ἀνευ
461 4663 532 4739 ίωῆς
546 4660 614 4741 ήτοι
628 4667 732 4744 φωνῆς
748 4665 797 4729 καὶ
812 4665 946 4746 θορύβου

188 4777 241 4847 95.
264 4760 354 4851 ἀκήν]
368 4761 416 4828 ἐπ’
431 4764 523 4846 άκρας
537 4764 668 4850 ἡσυχίας
683 4767 830 4850 έγέυοντο·
854 4768 910 4849 ἀκῆ
925 4768 984 4852 γὰρ
998 4769 1017 4842 ῆ
1033 4767 1140 4850 ἀξθτης

180 4898 202 4943 τ,
215 4898 237 4932 τ.
248 4882 407 4939 βλαπτοόσας
419 4886 444 4934 D
463 4890 473 4945 ΙΙ
494 4899 531 4935 11.
542 4884 623 4948 φέρων
634 4887 676 4936 Εἰ.
685 4889 738 4939 M.:
756 4886 832 4952 μίζων
848 4893 859 4948 ΙΙ
880 4887 918 4937 18.
929 4886 1038 4950 περιττός
1050 4895 1061 4949 ΙΙ
1075 4888 1113 4938 τό.
1124 4889 1220 4952 χρυσῆν
1231 4896 1292 4941 ποτε

143 4947 257 5076 ’ὃφρῆιςιδ
268 4955 302 4999 B:
314 4950 362 5001 del.
378 4951 411 5000 W
424 4955 434 5010 ΙΙ
449 4953 487 5002 τ8.
505 4951 630 5015 Κλεάνθης
641 4953 712 5004 BD:
730 4953 864 5016 άπλεάνθηι
875 4958 886 5014 ΙΙ
899 4954 939 5017 36.
951 4955 1032 5022 suppl.
1045 4955 1079 5004 W
1097 4960 1109 5019 ΙΙ
1128 4955 1167 5018 38.
1185 4952 1290 5018 θορόβον
