2984 5474
268 1205 495 1285 SOHOLIA
520 1207 590 1283 AB
616 1206 820 1284 ALTERA
846 1205 998 1284 MANU
1025 1204 1252 1284 SCRIPTA.

602 1465 774 1527 ικικκος
793 1465 828 1527 κ
851 1459 920 1548 (1)

225 1614 361 1698 Ὀμηρος
379 1614 523 1702 διαλέκτῳ
537 1614 678 1700 κέχρηται
692 1613 777 1696 Ἰάδι,
793 1614 927 1699 καθάπερ
944 1613 993 1680 καὶ
1005 1610 1148 1691 πάντεςῆ
1164 1614 1195 1677 οί
1210 1611 1341 1678 πλείους

186 1725 246 1784 τῶν
260 1723 392 1799 ποιητῶν

234 1842 261 1888 1.
282 1820 326 1861 Η
337 1820 434 1910 ἀειδε]
452 1819 528 1909 [ἀπὸ
547 1828 600 1887 τοῦ
618 1828 688 1888 είδω
703 1828 756 1887 τοῦ
775 1820 989 1911 σημαίνοντος]
1006 1822 1181 1902 ἐπίσταμαι,
1197 1818 1248 1883 καὶ
1261 1815 1341 1894 μετά

187 1929 240 1989 τοῦ
258 1924 320 2009 (ἃ)
338 1927 509 1990 έπιτατικοΰ
524 1927 624 2005 ἀείδω,
639 1926 674 1991 τὸ
688 1927 761 1992 λίαν
775 1925 914 2010 γινιίσκω

156 2046 174 2108 5
230 2025 482 2115 ΗΠηληιάδεω]
503 2027 644 2097 Ἰωνικῶς

199 2116 206 2137 ’
231 2152 262 2218 3.
285 2130 318 2196 τὸ
329 2138 345 2167 “
355 2131 437 2197 Ἀιδι
449 2129 468 2160 ”
486 2135 560 2196 κατὰ
574 2133 806 2214 μεταπλασμόν·
834 2130 938 2211 Ἀίδης
951 2131 1050 2218 Ἀίδῃ,
1066 2133 1106 2199 ῶς
1124 2138 1223 2212 φησιν
1237 2128 1341 2212 Ἥρω·

187 2237 289 2303 διανός

285 2334 454 2425 προΐαψεν]
470 2339 546 2404 ἵστω
563 2340 611 2403 καὶ
627 2338 702 2403 κατὰ
720 2337 918 2418 πλεονασμὸν
933 2337 1029 2402 δάπτω

231 2462 262 2522 4.
285 2437 388 2529 τεῦχε]
406 2441 543 2529 ἀφῃρέθη
560 2441 594 2506 rb
610 2446 629 2505 ε’
642 2444 718 2507 κατά
729 2440 837 2510 Ἴωνας

139 2566 176 2606 10
232 2559 261 2628 5
285 2541 435 2634 οἰωνοῖσι]
450 2541 601 2633 [κόραξιν]
614 2542 632 2625 ἢ
647 2547 744 2629 γνψίν
756 2551 820 2644 λε·-
905 2545 934 2610 8.
946 2540 1049 2632 σφῶε]
1065 2543 1231 2627 προσείποι)
1240 2543 1344 2623 τρίτον

286 2645 425 2737 ξυνέηκε]
448 2649 592 2716 Ἀττικῶς
607 2655 641 2714 rb
656 2651 682 2713 α’
697 2650 741 2716 είς
756 2651 776 2728 ξ

233 2774 262 2838 9.
286 2750 547 2840 προσωπ]οποιία·
569 2752 715 2832 ἡΜοῶσα
730 2749 928 2840 ἀπεκρίν]ατο

235 2875 283 2923 10.
306 2858 365 2923 ἀνδ
380 2856 510 2940 στρατὸν
524 2852 620 2944 ῶρσε]
637 2857 776 2938 ἔπεμψεν
792 2858 835 2924 είς
850 2858 982 2939 στρατόν

309 2956 469 3048 ὀλέκοντο]
482 2958 586 3027 Ἴωνες
601 2959 653 3024 οὐκ
668 2957 813 3039 αὔξουσιν

140 3086 176 3146 15
237 3082 285 3128 11.
309 3059 456 3151 ἀρητῆρα]
480 3063 562 3146 παρὰ
583 3063 617 3128 τὸ
640 3064 698 3145 άρά
720 3063 739 3142 ἡ
760 3060 912 3151 [βλάβη]
935 3059 953 3142 ἢ
977 3063 1059 3145 παρά
1082 3061 1117 3124 τὸ
1136 3055 1263 3148 [αίρειν]
1288 3060 1344 3124 τάς

189 3171 294 3251 χεῖρας
308 3167 369 3230 ἀνω

237 3290 285 3356 13.
310 3266 485 3361 ἀπερείσια]
502 3271 611 3353 ἀπειρα
626 3271 732 3352 ἀπερα,
747 3271 797 3335 καὶ
813 3272 889 3335 κατὰ
901 3269 1046 3350 Ἀττικὴν
1060 3263 1260 3355 έπαθῘξησιν]

236 3373 285 3438 16.
309 3368 383 3461 δύω]
399 3371 540 3438 Ἀττικόν
558 3377 624 3439 ἐστι
641 3374 694 3438 δύο

235 3494 288 3541 21.
310 3472 465 3563 ἁζόμενοι]
482 3477 542 3555 ἀζω
558 3480 591 3540 δὲ
606 3476 641 3542 τὸ
657 3475 788 3559 ξηραίνω
803 3482 953 3558 ψιλοῦται

140 3604 177 3645 20
235 3598 287 3663 23.
310 3576 426 3668 ἀγλαά]
444 3582 487 3648 είς
505 3576 554 3668 [ἃ]
572 3579 742 3663 άγάλλεταί
756 3606 801 3649 τις

309 3681 428 3767 δέχθαι]
445 3679 521 3769 [άπδ
536 3681 603 3772 τοῦ]
619 3681 762 3767 δέχεσθαι
779 3689 796 3718 “
806 3682 913 3767 δέχθαι
923 3681 942 3708 ”

235 3804 286 3866 24.
309 3782 434 3874 ἥνδανε]
466 3789 499 3851 ἐκ
529 3792 582 3851 τοῦ
611 3787 673 3867 ἥδω
695 3792 729 3851 τδ
750 3787 962 3869 εὖφραίνομαι·
993 3785 1066 3850 ὅθεν
1091 3785 1139 3849 καὶ
1168 3783 1345 3850 δασυντέον.

191 3895 385 3972 πλεονασμὸς
400 3889 517 3956 ἀνδάνω
534 3895 599 3953 Α-

236 3994 286 4058 26.
310 3993 386 4076 κίχω
402 4000 420 4030 “
433 3993 537 4076 κιχείω
548 3992 566 4017 ”
701 3993 751 4059 28.
773 3990 927 4074 μήνντοι
943 3988 994 4079 οὗ]
1009 3991 1050 4072 μὴ
1067 3990 1119 4055 οὐκ
1136 3991 1174 4056 δν
1189 4016 1239 4055 σοι

141 4118 177 4178 25
310 4092 463 4185 χραίσμῃ]
485 4097 545 4161 ἀπδ
566 4102 618 4161 τοῦ
635 4093 787 4181 χρήσιμος
806 4095 921 4180 γέγονε,
938 4096 989 4160 καὶ
1010 4096 1147 4182 συστολῇ
1163 4099 1216 4158 τοῦ
1230 4098 1249 4173 ἡ
1265 4095 1309 4160 είς
1324 4104 1345 4156 ᾱ

193 4201 242 4264 καὶ
255 4198 419 4280 μεταθέσει
433 4206 486 4264 τοῦ
501 4211 514 4264 t
527 4205 667 4284 χραισμῶ

312 4300 446 4390 στέμμα]
463 4302 619 4385 δάφνινον.

237 4425 287 4490 29.
312 4405 361 4470 καὶ
374 4403 482 4495 γῆρας]
499 4406 534 4470 rb
550 4414 568 4443 “
579 4409 630 4472 καί
638 4406 656 4432 ”
674 4407 820 4490 παρέλκει
835 4406 910 4471 κατὰ
927 4404 1082 4471 Ἀττικούς

237 4528 288 4593 30.
312 4505 442 4596 πάτρης]
458 4513 512 4589 τῆς
528 4511 604 4575 ίδίον

140 4637 180 4696 3ο
237 4632 289 4697 31.
312 4608 506 4701 ἀντιόωνται]
523 4613 724 4693 πλεονάζοντι
740 4616 780 4700 τῷ
797 4615 813 4678 ὀ
828 4616 857 4679 οί
873 4613 997 4693 ποιηταί

226 4745 249 4794 3.
266 4731 289 4780 ά
308 4748 331 4779 τ.
350 4730 404 4780 είδω
425 4733 531 4782 novavit
549 4749 598 4782 τοο.
624 4730 682 4792 urb
703 4731 810 4795 σημαίνω
832 4749 889 4784 τιον.
908 4750 966 4790 reo..
985 4737 1013 4782 at
1033 4732 1064 4781 of.
1084 4733 1126 4781 Et.
1146 4731 1184 4782 Μ.
1203 4727 1344 4794 116.Ἀίδη

193 4797 355 4861 Epimen'smi
367 4799 443 4847 Hom.
451 4799 494 4851 Cr.
506 4799 521 4847 Ι
532 4797 572 4861 65.
589 4812 614 4847 τι
626 4816 632 4848 :
642 4797 714 4847 Ἄιδα
732 4804 742 4859 fl
763 4813 802 4849 10.
820 4799 935 4864 supplevi
946 4814 977 4847 ex
989 4799 1015 4847 A
1033 4803 1044 4857 η
1063 4795 1189 4860 τροσῶτον
1200 4795 1284 4859 τρίτον
1293 4797 1344 4847 W:

192 4912 293 4976 ιμηιι
310 4879 341 4976 ἶι,
358 4914 454 4964 datm·
469 4914 606 4964 admodum
625 4921 635 4973 η
658 4928 696 4977 13.
712 4914 780 4979 quod
796 4920 853 4979 post
867 4930 923 4978 m.
935 4915 1052 4979 sequitur
1068 4911 1112 4963 ra,
1127 4929 1163 4962 ω
1175 4950 1181 4963 .
1194 4951 1200 4963 .
1215 4911 1283 4963 ..τι
1295 4911 1346 4976 γορ

191 4977 352 5042 κοριρδτατον
368 4996 418 5030 non
435 4981 555 5045 intellego
569 4987 579 5041 u
596 4992 633 5042 15.
646 4981 759 5044 supplevi
772 4997 802 5030 ex
814 4981 836 5030 L
846 4987 873 5032 et
884 4982 927 5031 Et.
939 4981 977 5032 Μ.
992 4986 1002 5041 ΙΙ
1018 4993 1056 5043 23.
1068 4979 1127 5030 uid„
1139 4996 1187 5030 τοο.
1198 4983 1345 5029 strumento

190 5045 291 5095 diverso
310 5051 320 5106 ΙΙ
341 5048 379 5095 28.
397 5043 540 5110 τδιοτὶριὶε
559 5046 608 5111 legi
620 5043 660 5093 λοι
681 5051 691 5106 ΙΙ
711 5059 748 5108 3ο.
767 5044 825 5096 τδο·
