2984 5474
541 637 711 697 ιλικΔοΣ
734 637 774 694 ο.
799 629 885 718 (24)

179 807 252 868 660.
276 804 314 892 φ]
330 805 413 891 φτινι
544 804 619 889 683.
642 801 738 886 ζῶμα]
753 802 794 869 ὦς
810 804 990 884 περίσκελος
1006 803 1070 866 νόει

180 907 252 971 688.
274 909 402 993 γενύων]
418 914 477 973 τῶν
493 911 646 993 σιαγόνων
776 905 850 990 689.
875 906 1000 990 ὤρνυτο]
1016 907 1180 989 ἐφώρμησε

179 1012 253 1096 690.
277 1012 488 1097 παπτήναντα]
503 1012 720 1097 προδεδειχότα
946 1005 949 1012 ’

180 1119 254 1197 691.
276 1117 420 1200 ὑπήριπε]
437 1115 605 1201 κατηνέχθη
738 1114 812 1195 692.
836 1113 957 1198 φρικός]
973 1117 1068 1193 πνοῆς

180 1223 253 1307 699.
278 1221 377 1304 αὐτοί]
393 1224 423 1285 ol
438 1223 526 1302 φίλοι
542 1221 632 1285 αὐτοῦ
765 1231 835 1300 705.
860 1217 889 1301 ἐ]
905 1215 998 1297 αιἰτήν
1305 1238 1322 1298 5

182 1342 256 1408 712.
279 1327 318 1392 ὥς
334 1326 380 1408 δέ]
396 1326 541 1406 παρέλκει
555 1325 590 1387 τὸ
606 1327 623 1358 “
633 1321 692 1387 δέ”
825 1322 1018 1404 ἀμείβοντες]
1035 1323 1122 1386 δοκοί

181 1445 254 1511 724.
279 1429 412 1511 άνάειρε]
428 1428 638 1509 ἆνακούφισον
771 1425 844 1507 726.
868 1424 962 1509 κόψε]
978 1424 1122 1505 ἔκρουσεν
1137 1425 1203 1495 Α-Ι·

182 1549 253 1613 727.
277 1532 458 1614 στήθεσσιν]
474 1536 526 1595 τοῦ
541 1532 669 1596 Αἴαντος

182 1654 254 1717 744.
278 1636 432 1720 Φοίνικες]
448 1638 477 1700 οἱ
494 1638 543 1699 καὶ
559 1637 693 1700 Σιδόνιοι

282 1737 408 1829 πόντον]
426 1738 631 1821 τῆνμεγάληυ
647 1738 810 1805 θάλασσαν

183 1843 253 1926 748.
276 1846 311 1908 οὖ
327 1843 458 1926 ἑτάροιο]
472 1845 547 1924 ύπέρ
562 1848 614 1906 τοῦ
630 1845 809 1923 Πατρόκλου

183 1963 255 2030 759.
279 1948 402 2030 ἔκφερε]
418 1947 605 2028 προέδραμεν

182 2053 255 2133 761.
279 2050 406 2130 στήθεος
421 2051 508 2135 άγχι]
524 2052 577 2115 ἐπί
707 2050 819 2134 κανών]
836 2050 970 2130 κάλαμος
1047 2059 1049 2063 ’

183 2157 222 2237 76
224 2170 254 2235 5.
278 2158 309 2219 οἶ
324 2155 474 2237 κεφαλῆς]
489 2159 542 2218 τοῦ
558 2158 687 2221 Αἴαντος

183 2259 257 2341 767.
282 2254 403 2345 ἱεμένῳ]
421 2260 460 2343 τῷ
475 2258 625 2322 Ὀδυσσεῖ

184 2380 255 2443 792.
279 2361 509 2443 έριδδήσασθαι]
526 2359 719 2440 ἐξισωθῆναι,
736 2363 945 2442 άμιλληθῆναι

184 2467 254 2545 805.
274 2464 451 2545 ὀρεξάμενος
467 2464 558 2548 χρόα]
574 2466 772 2546 ἐφαψάμενος
789 2470 840 2528 τοῦ
855 2467 972 2550 χρωτός

183 2571 255 2632 806.
281 2569 463 2652 <ἐνδίνων>]
479 2575 538 2634 τῶν
554 2572 640 2636 ἐντὸς
654 2575 714 2634 τῶν
729 2570 834 2635 ὅπλων
847 2576 949 2649 μελῶν
965 2570 1029 2640 B÷

184 2671 255 2754 815.
275 2672 402 2755 πάντας]
417 2673 484 2739 τούς

184 2777 255 2841 826.
279 2776 415 2857 διαφέρει
434 2778 528 2843 σόλος
547 2777 596 2841 καὶ
619 2777 731 2843 δίσκος·
762 2778 778 2839 ό
800 2778 937 2860 μὲνγὰρ
960 2778 1062 2843 δίσκος
1085 2778 1200 2845 πλατύς
1223 2780 1290 2842 ἐστι
1306 2801 1345 2842 20

140 2878 188 2944 καὶ
204 2878 390 2960 κυκλοτερής,
408 2880 424 2942 ά
442 2883 475 2945 δὲ
491 2881 586 2948 σόλος
602 2880 790 2964 στρογγύλος
806 2882 855 2945 καὶ
872 2881 1068 2962 σφαιροειδής
1084 2881 1151 2952 A÷

183 2984 201 3045 8
204 3001 254 3067 32.
278 2983 321 3065 ot]
337 2989 389 3047 τοῦ
403 2984 648 3062 ἆεθλευσαμένου

184 3086 256 3151 886.
290 3088 420 3170 (ἥμονες
452 3088 595 3171 δυδρες>]
626 3090 803 3154 ἀκοντισταὶ
834 3089 949 3170 ἄνδρες.
988 3089 1049 3153 άπδ
1078 3094 1131 3152 τοῦ
1160 3091 1225 3171 ίημι
1255 3090 1290 3154 τδ

139 3190 244 3270 πέμπω
260 3191 325 3262 Α]

694 3455 734 3515 ο.
1306 3497 1343 3557 25

205 3586 234 3651 6.
259 3568 436 3669 άνδροτῆτα]
453 3588 508 3667 τῆν
523 3588 662 3670 ἀνδρείαν
795 3589 823 3651 8.
847 3588 972 3672 πείρων]
988 3593 1138 3670 διαπερῶν

188 3709 236 3755 11.
259 3692 327 3753 τοτὲ
343 3691 390 3773 δε]
405 3691 519 3755 ἄλλοτε
534 3691 569 3755 δέ

187 3806 234 3873 15.
258 3796 403 3859 έλκεσθαι
419 3793 603 3877 δησάσκετο]
619 3795 702 3859 εἷλκε
718 3792 814 3872 δήσας

185 3916 235 3979 30.
258 3898 471 3982 μαχλοσύνην]
486 3905 574 3982 χαλῶ
592 3900 690 3982 χαλός
713 3900 762 3963 καὶ
785 3900 968 3986 πλεονασμῷ
991 3901 1043 3977 τῆς
1065 3903 1108 3981 ssd
1130 3902 1291 3980 συλλαβῆς

142 4000 191 4064 καὶ
206 4005 342 4089 συγκοπῆ
357 4003 476 4085 μοχλός
492 4005 541 4067 καὶ
557 4003 592 4067 τὸ
607 4007 739 4084 θηλυκὸν
753 4002 858 4088 μαχλή
1305 4020 1345 4076 30

185 4125 236 4189 33.
262 4107 414 4189 σχέτλιοι]
431 4108 602 4189 άγνόμουες
733 4105 915 4190 δηλήμονες]
930 4110 1101 4188 βλαπτικοί

185 4222 236 4289 52.
260 4209 395 4292 ἄμεινον]
411 4211 569 4292 ἐπωφελές
701 4225 753 4295 53.
778 4210 1227 4295 νεμεσσηθῶμεν]μεμψύμεθο

185 4313 237 4375 60.
263 4313 403 4395 ἀτίτηλα]
419 4313 611 4393 ἐπεμελήθην

263 4418 294 4479 ἐκ
314 4421 365 4478 τοῦ
381 4419 492 4484 θταλός
507 4420 625 4484 ἁπαλός
640 4443 685 4484 τις
699 4418 750 4481 ὧν·
774 4417 853 4506 [καὶ]
865 4417 900 4482 τδ
914 4420 971 4499 μὲν
986 4419 1105 4485 άπαλός
1119 4417 1291 4496 δασύνεται,

141 4518 176 4581 τὸ
191 4522 223 4584 δὲ
239 4520 351 4585 ἁπαλός
365 4524 512 4600 ψιλοῦται
1305 4537 1344 4600 35

186 4627 236 4706 63.
261 4622 430 4706 φόρμιγγα]
445 4623 643 4707 ἐννεάχορδον
775 4624 875 4706 ἐταρε]
891 4627 967 4706 φίλε

187 4743 237 4807 74.
261 4727 330 4791 ἀλλ’
348 4727 389 4811 εί]
405 4727 474 4790 ἀλλ’
492 4731 554 4793 είθε
570 4727 637 4790 B:
774 4726 825 4811 76.
847 4727 945 4815 λάχη]
965 4728 1041 4816 τύχη

143 4937 153 4987 l
176 4870 378 5000 ηιὲρχρμιφάμεθα
398 4873 446 4924 W:
463 4871 619 4934 μεμυμύμεθα
640 4877 651 4934 ΙΙ
673 4872 711 4934 36.
729 4871 889 4937 ἐννεάχορδον
907 4873 1004 4938 scripsi,
1025 4871 1139 4923 ἐπαείδων
1158 4873 1221 4924 coni
1240 4875 1290 4927 W:

155 4953 205 4985 ναει
287 4954 327 5002 egl
