2984 5474
552 681 724 740 1A1AA02
748 682 785 740 Δ.
809 676 874 763 (4)
1223 676 1286 739 ουτ

186 857 259 927 250.
282 842 461 934 κοιρανέων]
478 844 653 910 διατάσσων
671 866 729 911 ree.

185 961 257 1029 251.
281 948 413 1026 ούλαμδς
439 948 523 1027 τάξις
546 955 748 1029 συνεστηκυῖα
771 953 803 1015 ἐκ
826 946 857 1030 μ’
880 950 1005 1031 άνδριδν.
1047 947 1085 1029 ήν
1107 950 1140 1014 δέ
1163 947 1292 1031 φάλαγξ

141 1049 226 1130 τάξις
242 1050 302 1116 άπὸ
315 1050 362 1133 ρκ’
377 1053 493 1134 άνδρῶυ
507 1051 574 1122 A÷

185 1168 259 1240 253.
282 1151 414 1242 εἴκελος]
439 1160 608 1237 διφορεῖται
624 1161 659 1219 τδ
674 1157 803 1231 άπλοῦν,
819 1154 854 1219 τὸ
877 1158 910 1220 δέ
934 1155 1079 1220 σύνθετον
1102 1152 1149 1220 άεὶ
1172 1158 1223 1220 διδ
1244 1160 1289 1219 δι·

142 1258 282 1340 φθόγγου
1303 1270 1321 1331 5

186 1361 258 1442 258·
281 1358 375 1449 ἔριν]
391 1359 410 1441 ἢ
425 1364 461 1446 τῇ
478 1362 583 1446 ἐνίδοι

187 1476 259 1546 259.
281 1460 456 1551 γερούσιον]
474 1468 549 1529 κατὰ
563 1465 652 1545 τιμὴν
667 1466 826 1543 διδόμενον

187 1567 259 1633 262.
282 1563 404 1656 πλεῖον]
420 1570 532 1650 πλῆρες
663 1569 736 1647 264
759 1563 868 1655 πάρος]
888 1570 1035 1651 πρότερον

187 1672 259 1736 266.
282 1671 414 1754 ἐρίηρος]
430 1670 590 1753 εὐάρεστος
1126 1692 1129 1699 ’

188 1772 260 1856 276.
284 1769 452 1862 Ζεφύροιο]
468 1771 487 1852 ἢ
506 1774 567 1838 άπὸ
582 1779 635 1838 τοῦ
651 1775 746 1857 ζόφου
762 1776 812 1840 καὶ
826 1776 878 1852 τῆς
893 1774 1007 1841 δύσεως
1023 1773 1123 1840 πνέων
1139 1780 1204 1843 A÷
1308 1788 1345 1828 ¹0

187 1891 259 1962 279.
282 1873 392 1964 σπέος]
410 1874 565 1956 σπήλαιον

187 1999 259 2065 290.
282 1982 323 2064 τῷ
339 2006 372 2045 κε
387 1979 454 2064 τάχ’
471 1975 611 2067 ἠμύσειε]
628 1983 722 2048 ούτως
738 1980 775 2045 ἃν
790 1980 906 2064 ταχέως
920 1982 1086 2061 πορθηθείη
1101 2001 1163 2043 reo.

188 2102 261 2168 294.
284 2079 470 2171 στέλλοιντο]
487 2083 682 2164 ἐτοιμάζοντα

188 2200 260 2272 295.
284 2182 525 2274 Πελόγοντα-]
553 2187 636 2250 οὗτοι
662 2185 820 2269 ταξίαρχοι
845 2187 993 2270 ύιτῆρχον.
1037 2185 1189 2267 βασιλεὺς
1214 2185 1289 2271 (δέ)

143 2293 211 2357 ἐστι
225 2288 347 2356 πάντων
361 2296 422 2354 τῶν
437 2293 562 2354 Πυλίων
577 2291 595 2352 δ
610 2289 738 2370 Νέστωρ
753 2288 823 2351 A:
1309 2303 1345 2363 15

186 2413 261 2481 303.
286 2389 453 2480 ίπποσύνη]
469 2396 504 2479 τῇ
522 2394 628 2480 ἱππικῇ
645 2393 784 2478 ἐμπειρία

186 2508 260 2583 305.
283 2492 539 2583 ἀλαπαδνότεροι]
555 2495 771 2579 ἀσθενέστεροι

186 2601 260 2686 306.
283 2599 316 2667 δς
331 2598 366 2664 δέ
381 2600 405 2663 κ’
422 2595 511 2687 ἀνήρ]
535 2599 565 2664 οί
585 2603 642 2680 μέν
664 2601 753 2663 τοῦτό
771 2607 851 2681 φασι
867 2601 1092 2683 παραγγέλλειν
1114 2601 1216 2678 αὐτόν,
1231 2604 1292 2680 ίνα,

143 2703 177 2772 δς
191 2703 229 2768 δν
243 2705 392 2784 πολεμίου
411 2701 541 2784 άρματος
563 2702 714 2784 κρατήσας
731 2705 837 2790 ἐπιβῇ,
852 2703 986 2786 μάχηται
1002 2704 1050 2768 καί
1064 2704 1106 2784 μη
1119 2702 1293 2784 ἐξελαύνειν

144 2807 307 2893 σπονδάζῃ·
330 2807 360 2870 οδ
375 2808 408 2871 δέ
419 2808 523 2873 οὕτως·
546 2807 631 2872 ὅστις
646 2807 671 2869 δ’
687 2807 725 2870 άν
739 2814 837 2888 φησιν
849 2806 991 2893 άποπέσῃ
1002 2812 1056 2871 τοῦ
1070 2810 1147 2872 ίδίον
1162 2808 1293 2889 ἅρματος
1307 2826 1345 2865 20

143 2912 193 2975 καὶ
208 2912 258 2975 ἐπὶ
273 2916 327 2975 τοῦ
341 2912 477 2988 πλησίον
500 2908 713 2992 παραγένηται,
727 2910 769 2989 μή
791 2908 951 2993 ήνιοχείτω
974 2910 1024 2974 διὰ
1047 2910 1179 2975 τὸεῖναι
1202 2910 1293 2975 αὐτόν

143 3015 177 3078 ἐν
199 3015 307 3100 άγνοίη
329 3020 381 3078 τοῦ
403 3013 493 3093 ἤθους
516 3019 577 3077 τῶν
596 3015 706 3091 ἵππων,
723 3014 826 3094 δόρατι
848 3016 881 3077 δέ
902 3018 1024 3094 μάλλον
1047 3013 1209 3093 άμυνάσθω
1225 3013 1294 3079 τοὺς

144 3120 308 3200 πολεμίους
322 3117 391 3180 A:

187 3241 261 3307 314.
283 3217 356 3308 βίη]
374 3223 466 3288 οὕτως
480 3220 604 3300 δύναμις
734 3238 808 3305 321.
830 3216 880 3307 έα]
897 3221 965 3285 ἀντὶ
976 3225 1030 3284 τοῦ
1044 3219 1083 3300 ήν

188 3339 262 3410 327.
284 3324 304 3405 ή
322 3325 422 3389 εὐθεῖα
436 3326 453 3386 ὁ
468 3325 583 3391 Πετεός
604 3327 656 3387 τοῦ
680 3328 805 3401 Πετεοΰ,
821 3323 861 3390 ὣς
876 3324 960 3390 ἐνεός
975 3326 1071 3397 ένεοῦ,
1088 3321 1137 3387 καί
1150 3321 1296 3389 Ἀττικός
1311 3344 1348 3404 ²5

146 3428 207 3493 κατ’
218 3426 382 3493 ἐπέκτοσιν
391 3432 443 3490 τοῦ
457 3432 475 3490 ὀ
491 3427 569 3493 είςῶ
584 3425 693 3510 γέγονε
705 3427 836 3493 Πετεώς·
856 3426 897 3492 ὣς
909 3428 970 3490 άπδ
985 3431 1038 3489 τοῦ
1054 3424 1214 3491 Μενέλαος
1229 3428 1296 3490 Με-

146 3530 256 3598 νελάου
279 3529 441 3596 Μενέλεως
461 3533 580 3611 γίνεται
603 3533 679 3595 κατὰ
699 3529 854 3596 Ἀττικοὺς
878 3531 929 3594 καὶ
952 3530 1013 3594 ἀπὸ
1035 3533 1089 3593 τού
1111 3529 1186 3596 λαός
1209 3529 1297 3603 λεός,

146 3635 222 3703 οὕτω
239 3632 288 3698 καὶ
306 3634 365 3698 άπὸ
380 3638 432 3697 τοῦ
447 3635 563 3701 Πετεός
585 3634 716 3710 Πετεός,
733 3633 798 3698 εἶτα
812 3631 831 3712 ἡ
848 3633 952 3716 γενικὴ
967 3637 1021 3696 τοῦ
1036 3636 1142 3697 Πετεθι
1157 3629 1207 3696 καί
1222 3634 1299 3696 κατὰ

146 3737 342 3819 πλεονασμόν
355 3743 408 3801 τοῦ
423 3737 440 3800 ὅ
455 3735 564 3820 γέγονε
579 3740 596 3770 “
606 3741 729 3802 Πετεῶο
740 3734 758 3762 ”
772 3735 842 3798 Α-

189 3841 265 3926 328.
286 3840 443 3923 μήστωρες
459 3836 563 3928 άντῆς]
581 3838 737 3919 δυνάμενοι
753 3842 828 3903 κατδ
844 3837 948 3923 μάχην
962 3838 1195 3919 βουλεύσασθαι
1208 3838 1278 3908 A†
1312 3869 1352 3928 30

190 3963 264 4029 334.
287 3940 413 4032 πύργος]
431 3942 515 4023 τάξις
530 3941 599 4004 A:
735 3955 808 4028 335.
829 3937 956 4031 Τρόων]
974 3939 1051 4006 κατά

190 4065 263 4132 343.
287 4041 506 4135 ἀκουάζεσθον]
523 4050 669 4111 καλεῖσθε
684 4066 744 4109 ree.

189 4151 264 4236 346.
288 4148 356 4232 ὄφρ’
374 4148 534 4232 ἐθέλητον]
550 4149 606 4215 έως
622 4149 656 4214 οὗ
672 4148 781 4229 θέλητε
796 4169 858 4212 rec.

190 4268 265 4340 347.
287 4250 413 4341 ὁρόῳτε]
430 4254 524 4338 όρῷτε
653 4254 728 4338 363.
751 4247 941 4341 μεταμόλια]
957 4250 1072 4333 μάταια

190 4372 264 4443 372.
286 4352 514 4444 πτωσκαζέμεν]
532 4355 768 4436 καταπτήσσειν,
785 4360 903 4421 δειλιᾶυ
1314 4381 1352 4444 35

191 4463 264 4546 376.
290 4460 382 4545 (άτερ
396 4459 570 4543 πολέμον>]
592 4458 717 4541 πέμψας
738 4462 796 4542 γάρ
819 4461 863 4526 είς
885 4457 1030 4537 Μυκήνας
1046 4461 1221 4540 συμμαχίαν
1234 4457 1301 4544 ᾔτει
1336 4457 1341 4463 ’

146 4566 198 4630 ἐπὶ
220 4566 389 4644 Θηβαίους.
427 4562 566 4642 Θυέστης
587 4565 644 4642 μὲν
666 4562 719 4628 ούν
741 4564 867 4642 ἑτοίμως
888 4563 997 4636 ἐδίδου,
1020 4566 1130 4642 σημεῖα
1155 4561 1189 4626 δέ
1211 4560 1302 4625 αὐτὸν

148 4669 283 4735 ἐκόλυσε
299 4673 412 4750 φαῦλα·
436 4667 617 4733 ἐπελθόντες
632 4659 684 4730 σύν
700 4667 811 4732 εἰςτὰς
829 4663 942 4744 Θήβας
956 4666 986 4729 οἱ
999 4663 1132 4746 Ἀργεῖοι
1147 4662 1302 4743 πέμπουσι

147 4771 340 4854 πρεσβευτὴν
359 4770 465 4848 Τυδέα,
482 4768 514 4835 δς
533 4769 582 4834 καὶ
604 4768 787 4848 καταλαβὼν
801 4773 945 4850 γυμνικὸν
959 4767 1061 4850 ιἰγῶνα
1083 4764 1303 4850 συμμαχούσης

182 4914 204 4948 2.
216 4897 378 4960 συνεστηκυῖα
388 4896 430 4945 D:
447 4896 609 4944 σνντεταιτυΐα
627 4901 638 4955 ss
657 4894 681 4944 6.
698 4894 753 4956 ήτοι
766 4894 848 4957 ένίδρη
859 4894 923 4944 coni.
935 4894 969 4941 W
982 4900 993 4954 ΙΙ
1013 4907 1051 4959 14.
1065 4894 1182 4957 supplevi
1199 4909 1230 4943 ex
1247 4894 1272 4942 D
1289 4896 1300 4953 7

149 4963 394 5079 fflpooghniltemm
411 4967 422 5024 7]
441 4964 481 5024 38.
494 4963 526 5011 είς
537 4960 580 5011 τόν
591 4960 672 5024 θήβαι
683 4961 722 5011 D:
739 4961 766 5010 έν
777 4960 830 5009 ταῖς
841 4958 933 5024 Θήβαις
943 4968 971 5010 ut
982 4960 1008 5009 Α
1020 4963 1031 5020 ss
1045 4973 1085 5025 39.
1096 4958 1139 5009 καί
1149 4964 1207 5024 post
1216 4959 1258 5023 δγ.
1271 4965 1302 5010 ιιι
