2984 5474
589 631 850 699 PRAEFATIO.
1262 633 1297 698 xi

142 803 299 903 Νέστορι
327 802 388 902 (Il.
416 808 449 878 8.
482 801 581 902 191).
623 805 675 876 καί
706 804 905 890 Αὐτομέδων
932 806 1097 903 παραδούς
1122 806 1183 885 τὰς
1211 809 1297 890 ἡνίας

139 920 379 1005 Ἀλκιμέόοντι
397 919 495 999 αύτός
512 929 653 1004 πολεμεῖ
678 919 737 1020 (Π.
756 943 809 1016 17.
825 945 894 1019 475
909 923 1015 1023 sqq).
1071 926 1107 1008 ἡν
1125 923 1177 996 οῦν
1190 925 1297 1002 τόπος

146 1045 235 1130 (τῶν
252 1040 387 1129 ὅπλων)
408 1045 469 1110 τοῦ
487 1038 618 1136 ἡνιόχου
640 1040 671 1109 έν
698 1042 747 1131 τῷ
772 1039 910 1137 ἅρματι,
926 1043 967 1113 ’ἶν’
983 1044 1013 1114 εί
1036 1043 1133 1140 χρεία
1160 1043 1296 1136 γένοιτο

143 1157 359 1253 μαχέσωνται
377 1154 443 1229 AT
454 1172 486 1235 -Ι-

197 1296 282 1364 299.
309 1269 400 1370 ἆλκί]
425 1274 458 1343 έκ
483 1281 545 1346 τοῦ
570 1273 706 1357 ἄλκιμος
731 1273 805 1346 έστί
830 1273 917 1346 κατὰ
943 1276 1126 1360 ἆποκοπὴν.
1163 1274 1247 1352 τινές
1264 1274 1329 1347 θέο

144 1389 214 1462 ῦπῦ
236 1397 300 1462 τοῦ
324 1389 417 1468 όλκις
439 1391 530 1462 αύτό.
560 1392 627 1484 ε’γῶ
652 1391 687 1463 δέ
710 1396 796 1487 φημι
819 1388 905 1462 κατὰ
927 1391 1174 1476 μεταπλασμόν
1193 1400 1256 1465 τοῦ
1279 1389 1297 1476 ἡ

144 1507 235 1591 εἶναι,
246 1508 355 1592 έπειδὴ
365 1509 416 1579 καί
431 1507 474 1580 τῦ
483 1506 609 1605 μακρόν
623 1513 684 1598 <ἶ>
701 1510 744 1585 είς
755 1508 870 1606 βραχύ
882 1510 1166 1592 μεταπέπλασται
1180 1507 1246 1580 AT
1256 1525 1288 1588 ‹1-

197 1648 281 1717 302.
310 1622 426 1723 ἱόχωυ]
443 1622 494 1695 διὰ
512 1633 570 1707 τὴς
589 1627 673 1712 βοῦς
696 1626 895 1723 ἀποτρέπων
913 1626 988 1702 τούς
1008 1628 1162 1704 ἐπιόντας
1178 1626 1196 1709 ἡ
1215 1624 1299 1724 πρὸς

145 1744 339 1839 συμμαχίαν
371 1747 478 1813 καλῶν
512 1741 604 1816 T=.
644 1737 670 1839 ἡ.
702 1741 909 1813 ἀποστέλλει
946 1741 979 1813 δὲ
1012 1741 1073 1814 τῶν
1107 1745 1213 1828 λίθον,
1243 1743 1297 1815 ότι

146 1856 285 1958 φθόσας
302 1858 344 1932 τὸ
362 1859 440 1958 δόρυ
456 1857 680 1956 προύπεμψεν
698 1857 728 1930 Τ
741 1893 770 1918 =
1314 1891 1352 1932 10

198 1999 282 2068 304.
309 1982 359 2048 νῦν
376 1976 502 2075 βροτοί
526 1971 604 2072 είσι]
622 1980 741 2066 πολλῷ
759 1977 935 2074 κατωτέρω
952 1982 1018 2048 τῶν
1041 1980 1179 2074 ἡρωικῶν
1195 1979 1297 2047 ἐστιν·

146 2091 197 2164 όιῦ
227 2100 275 2184 τῷ
307 2093 509 2177 θιαστὴματι
540 2100 603 2164 τοῦ
630 2093 753 2190 χρόνον
786 2099 968 2164 πιστοῦται
998 2091 1060 2170 τὰς
1092 2100 1158 2166 τῶν
1192 2096 1299 2188 ἡρώων

146 2208 311 2307 ῦπεροχός
329 2208 420 2286 T=.
456 2206 484 2308 ἡ.
501 2209 554 2280 καί
573 2207 624 2281 διὰ
642 2217 704 2281 τοῦ
722 2221 743 2250 ‘⁴
754 2211 812 2306 ῥέα
824 2209 841 2236 ”
861 2208 895 2281 δέ
911 2210 963 2280 καί
982 2208 1035 2280 θιᾶ
1051 2216 1115 2296 τοῦ
1130 2218 1150 2254 “
1163 2207 1298 2281 πόλλε”

146 2324 189 2398 τῦ
207 2329 497 2427 εὐμεταχείριστον
514 2326 610 2409 δηλοῖ
622 2325 653 2399 Τ
665 2362 694 2386 --

199 2467 283 2539 305.
311 2448 384 2516 κατ’
402 2441 528 2543 ι’σχίαν]
546 2446 657 2542 ι’σχίον
679 2445 731 2515 καί
751 2445 890 2527 κοτύλην
913 2442 955 2516 τῦ
982 2448 1047 2514 πᾶν
1069 2445 1201 2515 ὀστέον·
1224 2446 1298 2515 έστι
1316 2473 1352 2533 15

149 2561 183 2634 δέ
202 2564 369 2653 (κοτύλη)
390 2561 432 2635 τὸ
456 2573 568 2634 κοῖλον
591 2568 653 2634 τοῦ
673 2562 801 2646 ὀστέου,
820 2562 895 2632 ἔνθα
923 2564 940 2643 ἡ
961 2560 1092 2657 κεφαλὴ
1110 2567 1172 2632 τοῦ
1195 2567 1300 2659 μηροῦ

149 2680 367 2775 ἐνστρέφεται
386 2677 461 2758 Α-Ι-
471 2679 501 2752 Τ
513 2714 542 2739 =

201 2817 284 2891 307.
310 2792 458 2893 τένοντε]
479 2794 524 2867 τὰ
550 2796 713 2879 τεταμένα
744 2797 835 2888 λέγει
863 2801 965 2891 νεῦρα,
992 2797 1032 2872 ῶς
1059 2793 1114 2866 δύο
1145 2795 1300 2864 πλατέων

150 2913 262 3011 νεύρων
279 2913 480 3009 συνεχόντων
498 2913 556 2994 τὴν
574 2913 714 2994 κοτύλην
733 2911 805 2985 T=

201 3053 285 3122 309.
303 3026 400 3127 ἔστη]
417 3030 490 3101 ἀντὶ
508 3035 570 3100 τοῦ
586 3030 713 3113 ἔμεινεν,
727 3029 779 3098 καὶ
798 3027 842 3099 τό
859 3027 1029 3124 “ε’ριτιύν”
1041 3026 1114 3099 ἀντὶ
1126 3034 1189 3099 τοῦ
1205 3059 1300 3098 κατε·
1316 3060 1353 3101 20

152 3149 273 3244 νεχθείς
292 3145 399 3220 AT:

300 3260 470 3361 ἐρείσατο]
480 3268 621 3340 πιθανῶς
632 3265 687 3335 οῦκ
696 3262 928 3359 ἀνατρέπεται,
940 3263 1016 3333 ἀλλ’
1028 3259 1119 3333 ὀὕτω
1128 3293 1301 3357 μετασχη-

151 3377 327 3481 ματίζεται
343 3379 426 3479 πρός
438 3378 480 3451 τό
489 3381 774 3479 εύμετακόμιστον
787 3386 845 3461 τὴς
857 3377 1069 3476 α’ρπαζούσης
1081 3379 1207 3475 μητρός
1220 3376 1250 3450 Τ
1262 3413 1290 3439 =

203 3521 287 3591 311.
313 3499 368 3568 καί
398 3530 431 3568 νυ
455 3493 521 3594 κεν]
547 3498 610 3594 ούχ
635 3499 675 3575 ῶς
699 3495 824 3594 καιρίας
850 3497 946 3574 ούσης
972 3502 1030 3575 τῆς
1060 3504 1191 3588 πληγὴς
1217 3493 1301 3592 πρὸς

153 3613 305 3701 θόνατου,
331 3616 410 3685 ἁλλ’
427 3615 504 3691 ’ίσως
529 3614 678 3711 δεύτερον
699 3619 830 3710 τραῦμα
852 3610 915 3683 ύπῦ
942 3618 1005 3684 τῶν
1029 3613 1194 3693 πολεμίων
1215 3621 1301 3694 πλη·
1317 3644 1354 3704 ²5

152 3733 229 3825 γείς.
265 3732 317 3803 καί
360 3736 378 3812 ἡ
418 3730 612 3829 Ἀφροδίτη
654 3736 757 3801 τοῦτο
801 3728 921 3800 δέδοικε
955 3733 1033 3811 “pb
1072 3760 1124 3806 τις
1167 3731 1302 3798 Δαναῶν

152 3851 359 3944 ταχυπώλων
392 3847 519 3944 χαλκόν
548 3849 592 3918 ε’νί
627 3851 790 3930 στὴθεσσι
820 3848 935 3934 βαλῶν
963 3847 997 3914 ἐκ
1029 3842 1128 3929 θυμόν
1157 3846 1300 3916 έλοιτο”

152 3962 403 4063 (υωωΤξ

205 4105 288 4174 314.
315 4077 469 4178 ἐχεύατο]
496 4079 539 4152 τῦ
566 4079 733 4179 τρυφερόν
759 4086 816 4161 τὴς
842 4085 915 4152 θεοῦ
941 4076 994 4150 διὰ
1015 4081 1075 4149 τοῦ
1096 4078 1301 4175 “ε’χεύατο”

153 4200 363 4297 παρέστησεν
381 4198 451 4271 T=
1002 4278 1005 4285 .
1317 4230 1356 4287 30

206 4339 289 4411 315.
316 4314 477 4412 πέπλοιο]
494 4317 556 4410 ούχ
573 4317 626 4386 ’ίυα
649 4314 693 4397 μὴ
716 4317 944 4411 τρωθῇ-πῶς
962 4312 1029 4411 γὰρ
1053 4311 1136 4404 (όν)
1157 4314 1304 4394 ἐνόμισεν

154 4431 308 4529 ἄτρωτον
337 4432 397 4504 τῶν
432 4436 544 4515 ἔαυτὴς
578 4434 710 4503 πέπλον
745 4431 835 4516 εἶναι,
863 4433 1132 4530 τιτρωσκομένων
1155 4431 1206 4500 καί
1238 4434 1304 4500 τῶν

154 4555 214 4622 θΑ
246 4574 253 4590 .
313 4552 322 4573 ἱ
378 4549 387 4575 2
434 4553 442 4575 Ι
474 4553 482 4576 ἱ
554 4553 562 4575 1
621 4548 630 4573 λ
722 4550 731 4574 1
760 4546 769 4571 λ
862 4553 877 4570 Α
1058 4549 1065 4574 Ι
1154 4548 1163 4571 1
1237 4556 1252 4570 a

177 4560 375 4634 εων,-αλλ
428 4583 472 4622 υπ
526 4549 649 4625 ουθενος
691 4581 792 4657 αυτορ
833 4581 898 4620 των
940 4557 1106 4628 πολεμιων
1146 4552 1302 4644 οραθηναι

198 4781 225 4838 3,
242 4776 268 4836 7.
289 4761 425 4839 supplevi
446 4782 482 4821 ex
504 4762 528 4820 Τ
550 4773 561 4828 ΙΙ
589 4780 633 4837 15·
654 4762 747 4818 ὀστέον
760 4759 799 4818 Τ;
821 4761 909 4816 θετέον
935 4766 945 4828 11
973 4761 1017 4818 16.
1041 4757 1173 4833 supplevi
1192 4758 1266 4817 exT
1290 4766 1300 4826 ΙΙ

159 4858 205 4918 17.
227 4847 313 4918 ι’νστρ.
329 4844 371 4903 ¹1:
395 4868 489 4917 σνστρ·
517 4855 527 4911 ΙΙ
554 4862 599 4901 20.
621 4847 661 4899 καὶ
675 4841 779 4918 scripsi
794 4847 829 4899 ut
844 4840 901 4900 feci
916 4842 945 4898 in
961 4840 1001 4898 T:
1023 4840 1125 4910 ἡυίΤ
1148 4852 1158 4906 ΙΙ
1181 4842 1260 4911 ἐριπῶ
1290 4851 1300 4905 ss

157 4945 173 4984 2
178 4944 205 5000 3.
221 4930 283 4998 ζωῆς
296 4946 350 5003 pro
363 4929 457 5000 μητρὸς
472 4925 544 4984 male
559 4925 582 4982 T
599 4937 609 4992 ΙΙ
629 4944 674 5001 29.
690 4925 796 5000 ἐχεύατο
808 4924 845 4982 Τ;
861 4925 968 4996 εῦχέατο
984 4935 994 4990 ss
1012 4941 1059 4996 31.
1075 4925 1189 4994 ἐνόμισεν
1199 4921 1235 4978 Τ;
1253 4945 1297 4977 ·αυ
