2984 5474
512 673 681 731 1A1AA02
706 673 740 733 Σ.
764 667 850 754 (ις)

149 854 223 919 431.
247 833 348 925 ἀρειῇ]
362 838 418 925 ἀρῇ
435 837 483 918 ήν,
499 840 548 904 καὶ
563 839 746 925 πλεονασμῷ
762 842 814 918 τῆς
830 841 857 904 ᾗ
872 846 890 875 “
900 842 984 927 ἀρειῇ
993 839 1011 865 ”

147 957 223 1022 443.
249 940 355 1022 (σφῶι
369 939 499 1030 δόμεν)]
515 945 599 1025 ὑμεῖς
614 944 737 1023 έδόθητε

147 1043 222 1120 446.
248 1044 305 1127 (ού
320 1047 376 1123 μὲν
390 1045 447 1128 γόρ
463 1071 492 1112 τι
506 1047 565 1112 πού
580 1049 665 1112 ἐστιν
680 1048 874 1131 ὀιζυρότερον
889 1043 1035 1135 ἀνδρός>]
1052 1048 1211 1128 ὑπερβολή

148 1162 223 1230 457.
246 1151 363 1234 κονίην]
382 1149 438 1231 τήν
568 1152 820 1236 ἀπὸ-βαλόντε]
837 1152 1048 1233 ἀποβαλόντες

148 1251 223 1334 469.
248 1253 433 1338 Αὐτόμεδον]
450 1255 489 1322 ῶς
504 1255 539 1319 τδ
554 1254 804 1338 “Ἀγάμεμνον·”
829 1257 944 1320 ἔστιδὲ
960 1255 1108 1320 Αίολικόν
1271 1279 1294 1337 5.

246 1355 402 1442 νηκερδέα]
420 1358 457 1422 τὰ
473 1360 619 1440 ἀνωφελῆ

148 1475 224 1540 492.
248 1459 394 1540 εἰλυμένω
411 1457 522 1548 ὤμους]
540 1462 764 1542 ἐσκεπασμένοι
780 1461 848 1528 τούς

148 1580 222 1645 493.
246 1563 368 1648 ούησιν]
384 1562 489 1644 ξηραῖς

150 1663 225 1748 637.
249 1666 446 1751 ἀκηχέδαται]
462 1673 636 1733 λυποῦνται.
662 1666 743 1751 (ἀπὸ
757 1665 831 1748 τοῦ)
850 1668 954 1753 ἀκάχω

150 1769 225 1845 640.
249 1766 311 1857 εἴη]
329 1774 487 1851 πορευθείη
619 1771 693 1856 643.
716 1768 864 1859 Ἀχαιῶν]
882 1774 914 1835 έκ
933 1778 993 1835 τῶν

151 1873 223 1950 677·
247 1872 470 1959 ἆ<ν>φικόυυ1
486 1880 575 1939 δασεῖ

151 1977 223 2056 694.
248 1975 426 2060 κατέστυγε]
442 1976 509 2055 ήτοι
524 1979 789 2062 έστύγνασενΑ-1Ρ

255 2077 480 2168 (κατέστυγε>]
506 2089 606 2165 στυγῶ
629 2083 664 2146 τὸ
687 2089 767 2162 μισῶ
790 2085 838 2148 καὶ
861 2089 961 2165 στυγῶ
984 2088 1018 2145 τὸ
1041 2081 1177 2165 φρίσσω.
1199 2083 1258 2145 ῶδε

106 2187 180 2263 γοῦν
195 2182 230 2245 ού
245 2187 333 2246 τοῦτο
349 2185 501 2264 ἐμφαίνει,
520 2185 603 2250 ἀλλά
618 2186 653 2249 τδ
672 2187 859 2268 έστύγνασεν

152 2302 225 2367 709.
248 2287 314 2369 μίν]
332 2293 385 2351 τὸν
399 2287 552 2370 Ἀχιλλέα
684 2308 758 2370 710.
780 2288 863 2369 μόλα
878 2285 950 2376 περ]
968 2291 1020 2353 καί
1276 2310 1312 2368 15

153 2389 225 2469 726.
250 2389 308 2469 πρὸ
324 2387 452 2477 κούρων]
472 2391 644 2471 ἔμπροσθεν
775 2403 848 2473 727.
872 2391 942 2474 έως]
957 2389 1045 2474 μέχρι
1060 2392 1142 2457 τινός
1154 2389 1220 2452 B:

153 2508 224 2573 741·
249 2493 375 2576 ἀίοκύς]
392 2493 521 2578 συνεχής

153 2614 225 2676 742.
249 2597 492 2681 ἀμφιβαλόντες]
509 2599 749 2681 ἀμφερείσαντες

153 2700 225 2781 748.
248 2696 364 2786 ὑλήεις]
383 2699 549 2781 δξνλιίδης
679 2703 810 2786 πεδίοιο]
826 2702 876 2767 διά

253 2806 371 2868 πεδίοιο
386 2806 562 2886 διαπρύσιον
577 2806 760 2890 τετυχηκός]
783 2804 852 2889 παρ’
869 2809 944 2870 ὅλον
959 2805 993 2869 τδ
1009 2807 1114 2870 πεδίον
1130 2829 1259 2886 παροτε-
1275 2831 1315 2874 να

110 2907 247 2988 ταμένως
262 2907 371 2986 διήκων

154 3019 226 3087 750.
251 3007 348 3090 ἀφαρ]
364 3004 480 3091 ταχέως
613 3010 684 3090 760.
708 3010 778 3091 περί
793 3009 817 3072 τ’
834 3011 915 3091 ἀμφί
927 3009 975 3092 τε]
991 3007 1185 3093 πανταχόθεν

665 3261 699 3318 Σ.

154 3397 184 3461 3.
209 3376 445 3460 ὀρθοκραιράων]
460 3377 552 3458 ὀρθὰς
568 3378 688 3459 κεραίας
705 3379 850 3461 έχουσῶν,
860 3377 1084 3458 ὀρθοπρύμνων.
1108 3375 1213 3458 κεραία
1227 3377 1261 3440 δδ

114 3485 250 3544 καλεῖται
266 3481 300 3545 τὸ
316 3480 416 3545 έπόνω
432 3487 485 3544 τοῦ
503 3482 589 3545 ἱστοῦ
611 3480 768 3560 δεδεμένον
783 3480 916 3564 πλάγιον
932 3479 1033 3560 ξύλον,
1049 3480 1084 3545 ού
1100 3477 1261 3559 έξάπτεται
1276 3500 1313 3560 25

109 3581 313 3663 ἡόθόνηΑ-ί·

156 3686 185 3748 8.
208 3686 249 3766 μή
266 3686 302 3767 δή
317 3713 368 3767 μοι
385 3685 551 3771 τελέσωσι]
567 3685 687 3751 δέδοικα

158 3806 207 3871 17.
232 3787 341 3878 θερμό]
359 3792 398 3856 ὣς
413 3791 473 3855 ἀπὸ
487 3789 602 3870 βάθους
618 3790 825 3874 κατερχόμενα

154 3913 205 3979 33.
230 3894 246 3957 δ
262 3893 309 3977 δέ]
326 3897 342 3956 ὁ
356 3894 523 3978 Ἀχιλλεύς
655 3893 834 3977 κυδάλιμον]
850 3892 924 3957 κατά

155 4012 207 4077 50.
232 3998 399 4081 ἀργύφεον]
418 3999 511 4063 οἱονεὶ
531 3997 650 4061 λευκόν.
681 3998 835 4080 ἀργόφεον
854 3999 929 4061 κοτά
953 3997 1076 4063 Αίολεῖς
1094 3997 1190 4085 τροπῇ
1208 4001 1261 4060 τοῦ
1275 4023 1314 4082 30

112 4102 129 4164 ὁ
147 4103 189 4166 είς
204 4101 231 4179 ὗ,
249 4103 390 4180 δηλονότι
406 4102 440 4165 ού
455 4100 473 4179 ή
487 4105 601 4182 φαῦσις
616 4099 702 4183 ἀργή,
718 4099 857 4164 τουτέστι
871 4098 963 4178 λευκή

155 4222 208 4286 54.
232 4205 514 4288 δυσαριστοτόκεια]
530 4202 580 4268 έπὶ
597 4206 676 4290 κακῶ
692 4203 818 4285 ἄριστον
833 4204 921 4267 τόκον
936 4201 1114 4286 γεννήσασα
1125 4201 1221 4273 ΑΒ-Ι-

156 4321 208 4389 57.
232 4309 345 4393 γουνῷ]
361 4310 474 4394 γονίμῳ
490 4309 573 4393 τόπῳ
585 4307 681 4377 ΑΒ-ί-
778 4307 831 4370 66.
848 4305 955 4390 σφίσι]
966 4304 1102 4389 Ὅμηρος
1118 4305 1135 4369 ἶ
1150 4306 1263 4389 γράφει

157 4413 209 4475 68.
237 4412 449 4496 (ίπισχερύ>]
482 4410 549 4490 ήτοι
579 4413 653 4475 κοτά
683 4407 779 4490 τόξιν,
809 4412 843 4473 ἐκ
872 4413 1048 4492 μεταφορᾶς
1078 4411 1131 4489 τῆς
1161 4410 1262 4494 χειρὸς

112 4520 249 4597 παρόσον
264 4516 372 4595 ταύτης
389 4518 427 4579 τά
442 4514 574 4579 δόκτυλα
590 4517 663 4578 κατά
678 4512 764 4593 τάξιν
780 4515 869 4579 είσίν·
898 4510 917 4591 ἢ
936 4513 997 4578 ἀπὸ
1012 4516 1065 4592 τῆς
1079 4515 1133 4596 έηί
1153 4511 1262 4595 προθέ·
1275 4535 1315 4596 35

112 4647 191 4686 σεως
214 4622 338 4684 καὶτοῦ
361 4618 479 4703 σχέσις,
496 4618 562 4698 ἤτοι
586 4617 732 4697 ἀλλήλων
756 4615 960 4700 ἐξηρτημένοι.
991 4615 1101 4701 σχέσις
1123 4615 1164 4694 δέ,
1188 4617 1262 4682 όταν

112 4723 147 4787 τδ
165 4725 199 4788 ἓν
213 4729 266 4787 τοῦ
281 4722 380 4804 ἑτέρου
396 4720 537 4806 έξέχηται

148 4857 168 4893 1.
180 4842 226 4906 ἀρῇ
238 4844 284 4893 W:
296 4840 341 4903 ἀρή
355 4846 365 4901 ΙΙ
378 4856 401 4906 5.
413 4839 458 4891 τὸν
469 4839 640 4904 Ἀγαμέμνονα
653 4847 664 4902 11
681 4854 719 4890 10.
732 4841 764 4890 ad
776 4857 800 4891 v.
813 4823 861 4902 ⁶63
873 4840 1069 4904 superscriptum
1080 4839 1112 4888 ῶς
1122 4838 1136 4888 δ
1147 4837 1231 4901 θερμός
1248 4844 1260 4900 7

114 4922 152 4960 11.
169 4909 250 4974 suppl.
266 4925 314 4959 ιοσ.
332 4908 359 4957 in
370 4914 443 4957 textu
461 4912 471 4968 ΙΙ
490 4920 530 4969 30.
547 4905 669 4971 ἀργόφεον
680 4905 743 4957 κατὰ
759 4908 862 4971 scripti:
879 4904 1019 4970 ἀργόφεκτα
1037 4910 1047 4966 u
1066 4918 1106 4969 31.
1122 4904 1139 4968 ή
1157 4905 1260 4969 scripsi:

111 4992 134 5024 κ.
147 4975 197 5039 legi
215 4980 225 5034 ΙΙ
244 4989 284 5037 35.
301 4974 379 5023 τοῦτο
397 4979 407 5034 ΙΙ
426 4972 465 5036 36.
482 4972 603 5035 ἀλλήλαις

638 5072 731 5120 Nn2
