2984 5474
188 725 252 786 510
602 727 773 786 ιλιιιος
796 726 831 785 ιι.
855 721 920 808 (5)

229 911 282 977 47.
305 893 464 984 στυγερός]
479 898 606 976 μισητός
737 906 790 975 54.
813 888 989 980 ἑκηβολίαι]
1007 895 1039 957 αί
1054 891 1216 977 εὖοτοχίαι
1231 889 1302 961 A÷

231 1013 282 1082 70.
305 995 397 1088 πόκα]
415 1001 567 1080 ἐπιμελῶς

232 1120 282 1189 73.
307 1104 347 1187 <“
358 1104 500 1187 ίνίον”>]
516 1103 550 1167 τὸ
567 1108 671 1167 κοῖλον
686 1107 738 1166 τοῦ
752 1101 897 1167 τένοντος·
922 1100 1064 1180 κέκληται
1082 1101 1116 1164 δέ
1131 1100 1209 1164 οθτω
1233 1100 1286 1162 διδ
1308 1097 1344 1161 τδ

188 1207 265 1271 εἶναι
278 1214 429 1290 νευρῶδες.
450 1205 469 1286 ἢ
481 1208 580 1271 πλατὺ
593 1205 642 1271 καὶ
656 1205 739 1289 παχὺ
755 1209 860 1286 νεῦρον
870 1210 905 1268 τὸ
919 1208 1051 1283 καθῆκον
1062 1204 1122 1268 άπὸ
1134 1206 1188 1281 τῆς
1204 1201 1345 1283 κεφαλῆς

156 1323 174 1381 5
189 1309 240 1376 ἐπὶ
254 1311 307 1377 τὸν
322 1311 437 1394 αόχένα
452 1311 551 1373 AB:

119 1422 124 1434 “
233 1429 284 1496 74.
308 1414 352 1480 ἀν’
370 1409 627 1501 ὀδόντας-τάμε]
644 1413 729 1478 διιὼν
743 1411 874 1491 ὀνέταμε
887 1410 956 1478 τοὺς
970 1412 1097 1477 ὀδόντας
1112 1409 1177 1480 B÷

232 1529 282 1600 75.
305 1516 441 1605 ψυχρόν]
471 1516 490 1597 ἢ
520 1518 573 1581 τὸν
602 1520 638 1604 τῇ
669 1518 798 1602 ἀληθείη
826 1521 949 1600 ψυχρὸν
979 1517 1061 1591 όντα,
1086 1511 1105 1595 ἢ
1136 1513 1191 1578 τὸν
1221 1511 1345 1595 ψθχαυς

190 1623 288 1687 αίτιον
301 1620 367 1700 ἤτοι
383 1620 512 1687 θανάτου
526 1622 593 1692 A÷

234 1726 285 1804 78.
309 1723 434 1807 άρητήρ]
451 1725 546 1806 ἱερεύς
680 1723 729 1789 81.
753 1719 962 1811 άπὸ-ἔξεσε]
981 1723 1078 1807 (οὔκ)
1096 1721 1256 1804 ἀπέκοψεν
1272 1717 1337 1789 B÷

139 1841 176 1881 10
234 1827 285 1910 89.
309 1825 460 1916 ἐερμέναι]
478 1828 718 1908 άσφολισμέναι,
733 1827 1016 1909 περιπεφραγμένοι

233 1949 286 2015 90.
309 1925 411 2018 έρκεα]
428 1933 540 2013 τείχεα,
555 1930 788 2013 περιφράγματα

234 2050 285 2118 92.
310 2030 392 2122 κάλ’]
410 2032 489 2098 καλά
620 2046 671 2114 95.
695 2029 971 2122 Λυκάονος-υἱός]
989 2034 1006 2097 ὀ
1021 2033 1185 2115 Πάνδαρος

235 2138 286 2220 96.
309 2136 367 2218 πρὸ
382 2133 464 2225 έθεν]
482 2137 540 2219 πρὸ
555 2137 645 2201 αὐτοῦ
776 2156 827 2219 99.
851 2131 1072 2225 διὰ-έπτατο]
1090 2139 1219 2215 διῆλθεν

237 2258 309 2303 100.
332 2235 527 2327 παλάσσετο]
545 2238 706 2320 ἐμολόνετο
721 2239 867 2323 ἐβρέχετο

141 2359 178 2419 15
239 2361 309 2421 104.
333 2341 412 2426 δῆθ’]
428 2341 477 2407 ἐπὶ
493 2343 573 2407 πολύ

336 2452 414 2527 τρεῖς
431 2447 509 2511 ίδέαι
522 2447 717 2528 βελουλκίας,
733 2444 845 2527 ἐξολκη
861 2446 972 2527 ἐκτομῆ
988 2446 1038 2510 καί
1053 2446 1188 2526 διωσμός
1203 2464 1268 2509 ree.

237 2568 310 2633 113.
334 2546 507 2638 στρεπτοῖο]
521 2557 573 2615 τοῦ
587 2553 784 2626 άλνσιδιοτοθ,
797 2554 851 2613 τοῦ
866 2550 1050 2632 εὐστρέπτου

151 2667 154 2679 '
238 2669 309 2735 117.
333 2648 438 2740 φῖλαι]
456 2655 593 2735 φίλησον
726 2671 796 2732 124.
819 2649 990 2742 μάχεσθαι]
1006 2652 1106 2736 μάχου
1121 2652 1193 2715 A:

238 2769 310 2838 125.
334 2753 484 2843 ἐν-ἣκα]
502 2758 630 2836 ἐνέθηκα

141 2879 180 2921 οο
239 2863 310 2924 126.
334 2861 445 2943 έχεσκε
461 2856 672 2948 σακέσπαλος]
691 2859 774 2943 εἶχεν
789 2862 806 2924 ό
821 2859 951 2926 πάλλων
965 2861 999 2925 τό
1015 2859 1109 2927 σάκος

240 2963 310 3028 128.
334 2963 410 3044 ἠμέν
426 2958 509 3051 θεόν]
526 2962 579 3028 τὸν
594 2965 687 3029 ὄντως

337 3063 444 3155 ἄνδρα]
461 3073 514 3132 τὸν
527 3069 799 3147 μεταβαλλόμενον
814 3070 858 3134 είς
872 3068 967 3149 ἄνδρα

238 3189 310 3254 129.
334 3166 417 3258 θεός]
434 3172 510 3234 οὕτω
525 3169 686 3234 λανθάνων
700 3171 734 3236 ἐν
748 3171 906 3253 ὀνθρόπου
920 3170 1023 3256 μορφῇ
1040 3170 1070 3232 Α
1079 3183 1107 3239 -Ι-

238 3292 310 3358 132.
336 3272 524 3357 <οότάμεν>]
549 3275 599 3337 διᾶ
624 3273 654 3336 τί
674 3272 746 3352 μίαν
769 3273 825 3352 τὴν
853 3273 1037 3355 Ἀφροδίτην
1050 3297 1063 3347 ,·
1101 3273 1151 3336 διδ
1179 3271 1216 3336 τό
1241 3297 1348 3355 προεικ

142 3401 179 3463 25
191 3376 313 3459 ρηκέναι
323 3383 376 3443 τόν
389 3377 450 3440 Δία
461 3381 477 3408 “
486 3379 527 3461 τῷ
543 3375 568 3440 δ’
584 3376 655 3441 αὖτε
667 3376 847 3457 φιλομειδὴς
861 3376 1028 3458 Ἀφροδίτη
1041 3376 1102 3441 αίεὶ
1117 3375 1348 3458 παρμέμβλωκε

194 3481 243 3545 καὶ
258 3480 348 3544 αὐτοῦ
364 3485 453 3561 κῆρας
469 3476 594 3560 ἀμύνεθ’
611 3477 711 3566 (11.4.
730 3477 835 3566 10,1),
851 3479 987 3544 τουτέστι
1003 3481 1044 3565 τῷ
1059 3477 1255 3565 Ἀλεξάνδρῳ
1271 3481 1342 3542 A:

239 3602 310 3668 134.
334 3583 464 3666 ἐξαΰτις]
476 3585 509 3647 ἐκ
525 3581 662 3664 δευτέρου
795 3583 865 3666 138.
885 3579 1022 3670 χραύσῃ]
1038 3580 1135 3669 άμόξη
1151 3603 1213 3647 rec.

240 3705 311 3765 144.
336 3682 421 3773 έλεν]
439 3688 607 3768 ἐφόνευσεν
717 3699 788 3766 147.
812 3681 970 3775 ἐέργαθεν]
990 3687 1145 3769 ἐχώρισεν,
1163 3684 1326 3767 ἀπέκοψεν

239 3808 310 3873 149.
334 3785 558 3877 ὀνειροπόλοιο]
578 3790 778 3871 όνειροκρίτον

141 3919 180 3977 30
237 3908 310 3977 150.
335 3888 475 3980 <τοῖσι>]
493 3894 609 3958 οίστισι
627 3893 668 3973 μὴ
688 3895 847 3979 ἐπανιοῦσι
868 3897 921 3957 τοῦ
943 3893 1078 3974 πολέμου
1093 3895 1110 3957 ό
1124 3892 1222 3976 γέρων
1246 3891 1349 3974 έκρινε

192 3998 261 4065 τοὺς
286 3998 427 4079 ὀνείρους·
461 3996 527 4061 ἔστι
549 3999 607 4080 γὰρ
629 3997 744 4062 ἐντῶν
766 3998 960 4078 ἀμφιβόλων·
994 3996 1060 4077 ἤτοι
1080 4023 1116 4080 γε
1140 3997 1348 4076 έμαντεόσατα

193 4100 233 4167 ὥς
245 4100 298 4164 οὐκ
310 4099 570 4182 ἐπανερχομένοις,
583 4097 601 4179 ἢ
614 4103 648 4164 ἐν
658 4099 726 4179 ἤθει
740 4099 863 4184 λέγεται
875 4101 942 4165 ἀντὶ
954 4106 1007 4164 τοῦ
1018 4101 1065 4164 *οὗ
1077 4105 1203 4182 προεῖπε
1217 4103 1269 4164 διὰ
1282 4105 1347 4163 τῶν

194 4205 327 4285 ὀνείρων,
344 4204 390 4267 ότι
406 4201 668 4285 ὀναιρεθήσονται’
685 4202 826 4273 A=B÷
927 4218 997 4287 155
1022 4197 1174 4291 ἐξαίνυτο]
1193 4201 1346 4285 ὀφείλετα

240 4308 311 4387 158.
334 4303 490 4392 δατέοντο]
507 4306 707 4387 διεμερίζοντο
841 4305 913 4386 164.
932 4302 1030 4394 βῆσε]
1048 4308 1260 4386 κατεβίβασεν

143 4440 181 4502 35
242 4412 313 4493 167.
337 4411 375 4475 όν
388 4436 422 4475 τε
436 4407 552 4496 μάχην]
569 4408 628 4475 ἀνά
642 4436 675 4475 τε
690 4408 746 4490 τήν
857 4494 861 4500 ⁴

241 4527 314 4596 175.
337 4515 371 4580 ός
386 4538 431 4580 τις
446 4515 497 4578 ὀδε
513 4509 643 4601 κρατέει]
662 4515 747 4580 ὅστις
762 4513 838 4578 ποτέ
853 4516 939 4579 ἐστιν
953 4512 1041 4579 οὗτος
1055 4532 1116 4578 ree.

241 4618 313 4697 178.
337 4612 422 4702 ίρῶν]
439 4617 527 4680 ένεκα
545 4621 605 4681 τῶν
620 4621 734 4682 θνσιῶν

241 4722 313 4787 182.
337 4715 500 4807 αόλόπιδι]
517 4719 663 4784 αὐλίσκον
679 4720 801 4807 ἐχούσῃ,
818 4720 882 4784 καθ’
902 4719 938 4786 δν
952 4718 1100 4802 πήγνυνται
1116 4720 1133 4783 ὀ
1148 4721 1256 4802 λόφος,
1272 4719 1313 4786 ίν’
1329 4719 1351 4808 γ]

197 4826 277 4891 εἶδος
287 4826 536 4906 περικεφαλαίας·
562 4821 658 4905 φάλοι
674 4823 708 4887 δέ
719 4827 799 4888 εέσιν
813 4826 843 4888 οί
861 4823 937 4889 κατὰ
958 4823 1098 4905 μέτωπον
1113 4826 1167 4902 τῆς
1181 4833 1351 4907 περικεφα-

145 4958 185 5012 40
197 4931 287 4996 λαίας
301 4933 413 5012 χρυσοῖ
425 4927 504 5007 ἧλοι,
521 4924 539 5006 ἦ
555 4927 729 5010 άστερίσκοι

241 5059 263 5112 η.
275 5047 319 5110 τῆς
329 5046 440 5111 ἀληθείας
457 5052 468 5107 ΙΙ
486 5061 509 5112 9.
521 5047 636 5113 supplevi
647 5063 678 5097 ex
689 5047 712 5097 B
729 5052 741 5107 ΙΙ
760 5061 798 5110 3²·
811 5046 1039 5110 ἐπανιλινταμίνοιι
1048 5046 1074 5097 D
1097 5052 1109 5106 Ι
1128 5045 1245 5102 Mum
1256 5047 1311 5098 An
1351 5055 1354 5061 '
