2984 5474
188 693 253 757 548
600 697 770 757 ιλικλας
794 699 827 759 2.
850 692 937 780 (18)

234 881 307 927 100.
332 863 429 948 ἐμεῖο]
447 869 551 949 χεῖρας

235 964 305 1029 108.
330 964 455 1055 ἐφέηκε]
472 969 651 1051 παρόρμηκε
773 987 843 1051 109.
867 969 900 1035 ὅς
914 968 961 1051 τε]
977 969 994 1031 θ
1009 968 1105 1052 χόλος

234 1087 307 1132 110.
323 1070 416 1153 (ήότε
432 1069 582 1160 καπνός>]
601 1071 681 1151 ζέσις
695 1074 753 1155 γάρ
768 1077 821 1135 τοῦ
837 1073 906 1152 περὶ
921 1073 1045 1152 καρδίαν
1059 1075 1184 1150 αἵματος
1197 1069 1237 1152 (ό
1254 1071 1352 1148 θυμὸς

189 1171 251 1256 δι’)
269 1172 369 1255 ὄρεξιν
384 1175 613 1255 ἀντιλυπήσεως
627 1175 724 1246 ΑΒ]-

157 1300 176 1360 5
235 1295 309 1355 124.
331 1277 454 1362 ἐφείην]
469 1277 674 1362 ἀναγκάσαιμι
807 1278 879 1364 136.
902 1272 1022 1365 νεῦμαι]
1040 1277 1203 1360 πορεύομαι

235 1381 308 1464 138.
331 1377 439 1469 πάλιν]
457 1384 501 1449 εἰς
516 1382 651 1446 τούπίσω
782 1381 860 1465 υἰος]
876 1383 909 1446 ἐκ
925 1386 978 1445 τοῦ

236 1497 308 1565 147.
332 1481 457 1574 ἐνείκαι]
475 1488 598 1566 κομίσω
733 1487 805 1565 176.
827 1481 857 1572 ἐ]
874 1484 973 1562 αὐτόν,
989 1485 1042 1550 τδν
1052 1482 1187 1565 Ἕκτορα

236 1586 308 1670 178.
331 1585 443 1678 σέβας]
461 1590 553 1656 αἰδός
685 1584 811 1677 σί]σοῦ

236 1692 307 1754 180.
329 1689 537 1782 ᾐσχυμμένος]
563 1693 838 1776 καταισχυνόμενος
855 1692 891 1756 τδ
914 1694 1087 1775 πρόσωπον,
1103 1692 1144 1773 μῖη
1168 1691 1203 1755 τὸ
1225 1693 1346 1755 οἰκεῖον

139 1824 177 1864 10
191 1792 296 1880 σῴζων
312 1795 425 1862 κάλλος

236 1896 308 1981 198.
333 1896 442 1988 αὕτως]
460 1903 554 1967 οὕτως
574 1900 614 1967 ὣς
630 1902 711 1985 ἐχεις

234 2019 308 2080 204.
332 1999 439 2090 ὤμοις]
457 2005 547 2068 αὐτοῦ
677 2004 794 2088 αἰγίδα]
810 2006 916 2086 φόβον

235 2118 308 2187 205.
331 2103 440 2195 νέφος]
457 2107 492 2172 τδ
507 2111 686 2190 σκυθρωπόν

235 2210 307 2274 206.
331 2212 437 2293 φλόγα
452 2206 699 2298 παμφανόωσαν]
716 2209 751 2275 τδ
768 2216 916 2293 φρικῶδες
931 2211 980 2275 καί
996 2214 1134 2294 φοβερόν

139 2343 176 2402 ¹5
235 2312 309 2376 208.
333 2313 402 2397 τήν]
418 2315 487 2395 περὶ
501 2314 540 2394 ἥν
670 2310 763 2402 δήιοι]
781 2315 923 2394 πολέμιοι

236 2434 308 2500 209.
331 2418 363 2481 αἰ
376 2413 423 2504 τε]
441 2419 471 2481 οἰ
487 2417 706 2499 πολεμούμενοι
824 2414 990 2506 κρίνονται]
1006 2417 1216 2498 δοκιμάζονται

235 2538 308 2584 211.
331 2521 457 2604 πυρσοί]
472 2524 501 2584 οἰ
517 2523 612 2602 φανοί
627 2542 686 2586 ree.

337 2624 541 2710 <ἐπήτριμος>
560 2623 627 2705 ήτοι
642 2624 754 2710 αυχνδς
770 2626 819 2690 καὶ
834 2625 1136 2710 ἀλλεπάλ<λ>ηλος·
1164 2626 1269 2706 ὥσπερ
1284 2623 1345 2707 γὰρ

191 2727 227 2792 τδ
241 2729 406 2807 ἐπηετανός
422 2728 482 2793 ἀπδ
496 2734 550 2792 τοῦ
565 2730 631 2796 ἔτος
647 2730 753 2795 ἐτανός
777 2730 825 2794 καὶ
848 2732 1022 2810 ἐπηετανός,
1039 2731 1115 2794 αθτω
1139 2729 1188 2792 καί
1210 2733 1245 2793 τδ
1268 2727 1345 2807 ἐπή-

140 2867 179 2906 20
192 2857 294 2915 τριμος
316 2833 376 2897 ἀπδ
400 2839 453 2897 τοῦ
476 2835 561 2915 τρίον
582 2838 635 2897 τοῖν
662 2834 860 2913 σημαίνοντος
881 2834 916 2898 τδ
939 2834 1058 2899 πολλόν
1080 2834 1130 2897 καί
1151 2832 1228 2914 μετὰ
1250 2837 1347 2896 ταῦτα

192 2939 295 3019 τριμός
310 2936 433 3019 ήτριμος
448 2936 498 3002 καὶ
516 2937 678 3022 ἐπήτριμος

237 3059 309 3108 212.
333 3042 467 3126 ἰδέσθαι]
483 3044 564 3107 ὥστε
696 3060 769 3127 213.
794 3043 913 3126 νηυσίν]
931 3047 997 3108 ταῖς

237 3165 310 3229 219.
333 3145 458 3227 ἀριζήλη
475 3142 577 3233 φωνή]
594 3145 712 3230 μεγάλη
728 3148 845 3230 γίνεται

238 3267 311 3314 221.
335 3250 460 3331 ἀριζήλη
477 3246 579 3338 φωνή]
597 3250 677 3333 ἀγαν
692 3251 819 3330 έκδηλος

237 3371 311 3438 223.
334 3350 454 3441 ὀρίνθη]
471 3352 621 3438 ἐταράχθη
756 3372 828 3432 224.
853 3353 941 3437 ὄχεα]
957 3354 1009 3417 ἐπί

237 3472 310 3543 245.
331 3457 490 3540 μέδεσθαι]
507 3458 669 3539 φροντίσαι
803 3458 875 3538 256.
899 3453 996 3545 εἰμέν]
1014 3456 1108 3539 ἐσμέν

237 3561 311 3643 258.
333 3563 466 3644 ῥηίτεροι
482 3557 673 3649 πολεμίζειν]
691 3561 1015 3644 εὖκαταγωνιστάτεροι

237 3678 310 3748 275.
333 3665 442 3748 πόλοι]
459 3669 512 3730 νῦν
527 3667 564 3728 τὰ
584 3662 806 3745 οἰκοδομήματα
895 3665 969 3747 278.
992 3660 1048 3752 τῷ]
1065 3667 1106 3749 τῷ
1120 3662 1268 3748 Ἀχιλλεῖ

238 3769 311 3834 286.
334 3768 496 3852 ἀλήμεναι]
512 3769 722 3850 συστραφῆναι

116 3877 120 3885 “
239 3873 310 3953 287.
334 3872 486 3955 ἐελμένοι]
503 3869 771 3954 ουγκεκλεισμένοι

239 3993 312 4060 292.
335 3975 508 4059 περνάμεν’]
524 3974 761 4058 πιπρασκέμεναι
893 3972 966 4064 ίκει]
984 3976 1111 4057 ἀφίκετο

239 4098 312 4164 294.
336 4075 442 4167 έλσαι]
461 4085 642 4164 συγκλεῖσαι
772 4100 846 4166 300.
871 4076 999 4168 ἀνιάζει]
1016 4081 1136 4143 ἀνιᾶται

238 4201 312 4268 302.
335 4180 409 4272 τῶν]
426 4189 487 4248 τῶν
500 4184 613 4264 Τριόων

239 4301 313 4372 317.
339 4288 464 4371 (χεῖρας
479 4287 526 4352 ἐπ’
540 4287 746 4370 ἀνδροφόνους
764 4286 889 4368 θέμενος
901 4285 1070 4366 στήθεσσιν
1082 4281 1238 4373 ἐταίρου>]
1255 4283 1274 4365 ἢ
1292 4288 1349 4352 τίις

142 4432 181 4492 35
195 4395 299 4476 χεῖρας
314 4397 367 4455 τοῦ
383 4391 564 4473 Πατρόκλου
578 4391 703 4471 θέμενος
720 4392 753 4455 ἐν
768 4394 831 4457 τοῖς
847 4393 953 4455 ἐαυτοῦ
968 4390 1115 4471 στήθεσιν
1130 4389 1226 4459 ΑΒ-Ι-

240 4514 314 4581 319.
338 4490 554 4582 ἐλαφηβόλος]
568 4492 713 4577 θηρευτής
843 4489 980 4581 άρπάογη]
994 4494 1054 4558 ἀπὸ
1068 4493 1176 4577 με’ρους
1191 4494 1225 4557 τά
1241 4497 1304 4558 πᾶν

240 4617 313 4684 329.
337 4597 442 4682 ἀμφω]
459 4598 647 4681 ἀμφοτέρους
661 4597 746 4678 ἡμῶν

339 4699 474 4789 ἐρεῦσαι]
491 4704 617 4783 ἐρυθρὰν
632 4703 671 4787 τῷ
689 4703 792 4783 αἵματι
807 4702 933 4778 ποιῆσαι
945 4701 1015 4764 A:

241 4819 315 4889 335.
339 4810 408 4869 σοῖο
424 4806 622 4889 φονῆος]τοῦ
752 4806 826 4890 338.
850 4805 963 4888 τόφρα]
979 4803 1053 4871 τέως

231 4948 253 4997 3,
267 4948 289 4997 4.
306 4933 420 4998 supplevi
431 4949 462 4982 ox
474 4933 522 4981 AB
541 4937 550 4991 11
570 4948 593 4995 4.
610 4933 688 4996 ὄρεξιν
699 4933 752 4983 ἀντ.
768 4938 884 4996 τερατεία
898 4933 931 4981 ιδ
946 4933 1169 4983 antecedentibus:
1187 4934 1306 4984 coniunxi
1319 4941 1350 4985 ut

197 5000 246 5048 AB
266 5012 275 5060 η
297 5009 319 5062 7.
336 4997 431 5059 κομίσαι
449 5003 459 5057 ss
477 5012 514 5050 τα.
534 4997 600 5060 τρίον
611 5000 712 5063 scripsi:
730 4997 788 5060 τρίω
807 5004 816 5057 ΙΙ
836 5012 875 5062 ²5·
893 4997 929 5046 ἐτι
941 5005 1001 5048 καθα
1013 4997 1052 5046 ἰπὶ
1064 4999 1137 5049 omisi
