2984 5474
498 1305 937 1436 Pnlnrurro

193 1624 345 1702 Tursvs
362 1627 469 1703 annis
486 1638 571 1728 post
589 1629 795 1704 confectum
806 1628 979 1704 volumen
994 1627 1097 1728 prius
1108 1627 1298 1703 emittenti

142 1741 302 1818 alterum
323 1745 523 1820 verendum
549 1756 617 1836 est,
636 1773 683 1821 ne
700 1746 746 1821 ob
764 1747 1022 1846 praetermissa
1039 1745 1220 1846 quaedam
1244 1771 1298 1818 re

143 1860 362 1958 prehendar.

149 2014 151 2018 >
202 2003 231 2052 1.
260 1977 317 2053 Ac
347 1980 508 2079 primum
536 1979 685 2079 quidem
713 1983 792 2054 iure
821 1979 958 2055 indices
993 1978 1097 2054 omisi
1129 1978 1299 2079 quamvis

144 2093 295 2170 invitus.
359 2096 510 2171 Etenim
544 2125 629 2171 cum
663 2104 782 2171 totam
816 2095 1037 2171 scholiorum
1071 2097 1110 2170 in
1145 2095 1298 2177 Iliadem

146 2210 344 2286 editionem
365 2213 611 2288 Oxoniensem
635 2216 823 2287 nominum
850 2214 1069 2314 scriptorum
1088 2212 1299 2313 grammati·

145 2353 271 2402 carum
288 2355 412 2403 rernm
430 2329 612 2405 indicibus
633 2329 751 2429 plenis
778 2330 1035 2428 adcuratisque
1062 2357 1139 2404 esse
1165 2331 1220 2404 ita
1246 2330 1300 2402 in·

145 2445 373 2536 struendam,
382 2456 426 2520 ut
439 2447 549 2520 simul
562 2447 763 2522 necessaria
777 2446 897 2521 multa
910 2447 957 2522 ad
971 2447 1158 2521 volumina
1172 2445 1298 2522 I—IV

147 2562 396 2661 suppleantur,
417 2573 602 2664 appareat,
622 2591 660 2638 re
678 2563 816 2658 dudum
845 2590 1034 2663 perpensa,
1053 2563 1227 2662 quoniam
1253 2590 1300 2638 ne

146 2679 205 2753 his
233 2707 299 2754 sex
329 2680 479 2779 quidem
509 2680 760 2755 voluminibus
786 2680 1016 2754 satisfactum
1051 2708 1130 2754 esse
1164 2680 1300 2754 litteris

147 2796 352 2871 Homericis
370 2797 432 2871 sed
452 2798 588 2897 requiri
607 2823 680 2897 quo
699 2824 795 2896 quae
813 2796 955 2870 minora
973 2796 1148 2871 dicuntur
1164 2797 1300 2871 scholia

148 2913 182 2987 D
209 2914 566 3014 comprehendantur
592 2915 791 3014 septimum
819 2913 999 3003 intellexi,
1019 2914 1159 3001 destiti,
1177 2939 1223 2987 ne
1248 2914 1300 2987 in-

147 3031 270 3106 dicum
296 3031 467 3107 fasciculo
490 3031 735 3106 excludantur
752 3058 847 3130 quae
865 3031 997 3131 quanti
1022 3031 1070 3104 ad
1091 3057 1199 3105 usum
1216 3057 1301 3110 cum.

146 3158 353 3223 ceterorum
379 3149 542 3224 codicum
569 3159 651 3224 tum
679 3147 867 3224 VenetiA
894 3147 1061 3222 facienda
1078 3156 1199 3221 essent
1219 3147 1299 3222 dixi

147 3292 218 3365 ego
235 3266 376 3365 primus
394 3265 494 3365 quod
511 3267 621 3340 sciam
642 3265 726 3365 (vol.
742 3266 776 3341 V
793 3295 828 3365 p.
843 3266 924 3339 xxii
942 3266 1046 3364 sqq).
1105 3265 1238 3339 Postea
1261 3275 1300 3340 et

147 3383 459 3458 Wilamowitzius
494 3384 619 3459 Herm.
657 3383 727 3458 vol.
760 3382 874 3456 XXII
906 3409 941 3481 p.
972 3391 1044 3478 635
1077 3408 1131 3480 sq.
1163 3388 1199 3456 et
1233 3408 1301 3479 ego

148 3502 261 3576 etiam
287 3501 327 3575 in
352 3500 527 3599 Hesychii
544 3500 686 3575 lexicon
711 3499 845 3574 bonam
873 3499 1089 3574 scholiorum
1118 3499 1300 3573 minorum

147 3629 290 3718 partem
305 3646 400 3717 quae
416 3618 463 3693 ad
480 3617 716 3717 explicandas
726 3643 833 3691 voces
851 3627 995 3716 spectat
1009 3625 1299 3714 transsumptam

149 3737 416 3836 perspeximus,
443 3745 482 3810 et
507 3761 601 3809 novo
625 3761 743 3833 nuper
761 3734 970 3808 testimonio
996 3733 1035 3806 in
1060 3731 1300 3807 relationibus

148 3853 367 3928 Academiae
394 3853 606 3927 Borussicae
633 3851 719 3924 anni
755 3856 847 3944 1887
874 3877 909 3949 p.
937 3855 1009 3925 816
1039 3877 1117 3948 sqq.
1144 3848 1299 3950 vulgato

150 3997 292 4071 papyro
341 3970 501 4069 quodam
542 3968 736 4068 Aegyptio
780 3977 950 4067 apertum
994 3976 1053 4042 est
1096 3967 1169 4040 iam
1212 3976 1299 4040 ante

149 4088 337 4162 saeculum
363 4088 516 4161 tertium
536 4113 571 4184 p.
592 4084 676 4161 Chr.
700 4084 801 4158 illam
827 4083 1007 4185 syllogam
1027 4085 1062 4158 D
1088 4084 1298 4160 exstitisse:

149 4202 196 4276 de
215 4228 287 4299 quo
305 4199 468 4274 subsidio
486 4198 764 4272 Wilamowitzii
790 4198 1049 4272 commentatio
1068 4198 1208 4297 (Herm.
1229 4196 1298 4274 vol.

150 4317 288 4391 XXIII
323 4345 358 4418 p.
393 4316 577 4413 142—147)
608 4314 778 4388 adeunda
807 4324 873 4388 est.
926 4313 1111 4388 Neutrum
1142 4340 1210 4413 ego
1235 4340 1300 4389 nec

150 4434 370 4509 scholiorum
404 4433 627 4508 ‘minorum’
664 4431 863 4509 editionem
899 4457 973 4530 qua
1003 4457 1110 4531 aegre
1136 4457 1300 4505 caremus

150 4578 273 4651 neque
303 4551 440 4626 indices
469 4549 680 4638 conficiam;
715 4548 792 4623 fore
821 4558 949 4623 tamen
982 4574 1088 4648 spero
1117 4546 1183 4645 qui
1217 4576 1301 4622 con·

148 4668 285 4744 ficiant.

204 4813 235 4863 2.
263 4785 424 4860 Notulae
450 4811 552 4860 meae
578 4782 797 4883 marginales
822 4781 911 4881 quid
938 4781 1010 4855 sibi
1037 4780 1164 4869 velint,
1188 4781 1259 4858 vol.
1281 4782 1299 4856 I

148 4933 184 5007 p.
205 4905 269 4980 xiv
289 4903 429 4978 dictum
453 4912 518 4977 est.
571 4902 654 4994 Qua
674 4901 712 4974 in
730 4928 768 4975 re
786 4928 832 4974 ne
850 4900 991 4999 parcior
1008 4897 1143 4973 fuerim
1170 4899 1303 4974 timen-
