2984 5474
548 666 718 725 ιλιλλος.
741 667 779 726 ο.
802 660 890 749 (21)

185 844 257 911 335.
281 828 493 920 ἀναχωρῆσαι]
510 831 577 911 ήτοι
593 835 743 915 άναχώρει

185 952 258 1016 339.
282 936 316 999 οὐ
331 940 387 1015 μὲν
401 936 458 1018 γάρ
474 962 519 1003 τις
533 934 855 1024 ἄλλος-ἐξεναρίξει]
872 937 912 1018 με’

184 1041 258 1123 362.
282 1037 404 1128 στιχός]
421 1040 471 1106 διά
559 1043 631 1127 376.
655 1040 836 1132 προμάχιζε]
854 1044 1040 1126 προπολέμει

185 1142 259 1226 385.
281 1141 414 1233 Τμώλῳ]
432 1148 501 1227 ὄρος
517 1149 628 1213 Λυδίας

278 1244 386 1334 Ὕδης]
402 1250 420 1327 ἡ
437 1254 491 1314 νῦν
508 1248 674 1328 καλουμένη
692 1249 819 1331 Σάρδεις
1308 1266 1326 1326 5

185 1348 259 1434 387.
282 1350 410 1434 κεάσθη]
428 1354 559 1434 ἐσχίσθη
691 1354 765 1437 388.
788 1351 951 1443 ἐπεύξατο]
969 1355 1161 1438 ἐκαυχήσατο

185 1474 257 1538 391.
274 1451 401 1542 Γυγαίῃ]
419 1456 478 1519 άπὸ
494 1456 589 1537 Γύγου
605 1456 760 1524 τινάςΑδ·
837 1477 911 1536 401.
928 1459 992 1522 καθ’
1009 1455 1124 1546 ίππων]
1143 1462 1218 1522 κατὰ
1233 1463 1291 1523 τῶν

127 1573 131 1580 ’
184 1576 259 1635 402.
282 1555 366 1646 ἐθεν]
380 1560 469 1622 αὐτοῦ
538 1578 612 1643 403.
629 1557 752 1648 ἤρυγεν]
767 1564 839 1625 ποιδ
850 1560 943 1640 λέξις,
955 1561 1022 1641 ήτοι
1034 1562 1204 1642 ἐμυκήσατο
1214 1561 1284 1624 Α-

183 1681 257 1739 404.
279 1658 406 1750 άνακτα]
424 1663 477 1726 τδν
491 1667 673 1727 Ποσειδῶνα
684 1663 715 1725 A
725 1680 752 1731 ÷

184 1785 259 1843 412.
283 1768 374 1846 θυμός
391 1767 501 1850 ἐστκν
515 1766 553 1850 δ>
569 1766 681 1847 μεταξὺ
696 1774 757 1832 τῶν
772 1774 900 1833 κλειδῶν
915 1770 1051 1848 κείμενος
1064 1769 1143 1849 ὑμήν
1311 1792 1347 1855 ιο

184 1885 258 1952 415.
281 1867 402 1959 ήντετο]
418 1870 534 1950 ὑπήντα
619 1871 693 1949 418.
716 1868 870 1960 λιασθείς]
888 1874 1043 1938 κυλισθείς
1058 1874 1223 1956 χωρισθείς

184 1994 258 2054 424.
282 1970 449 2061 ἀνέπαλτο]
469 1975 541 2038 λίαν
671 1987 746 2054 425.
770 1970 981 2061 ἐσεμάσσατο]
999 1976 1185 2054 ἐμαλάκισεν

285 2077 502 2161 (ἐσεμάσσατο
518 2073 649 2165 θυμόν>]
668 2078 721 2142 τδν
737 2081 812 2141 κατὰ
827 2083 879 2141 τοῦ
900 2077 1132 2161 Ἀγαμέμνονος·
1151 2080 1290 2161 μαλακὸν

140 2184 196 2263 μὲν
217 2185 275 2265 γὰρ
293 2184 333 2265 τῷ
349 2180 552 2264 Ἀγαμέμνονι
573 2184 727 2261 ἐποίησεν,
744 2181 837 2265 ἑαυτῷ
861 2183 894 2246 δέ
917 2183 1038 2265 τραχύν,
1054 2181 1073 2261 ἢ
1097 2181 1207 2261 ἔνυξεν,
1224 2182 1291 2262 ήτοι

142 2288 279 2365 κείμενον
293 2287 346 2350 τὸν
361 2288 454 2364 θυμόν
464 2309 523 2363 μου
538 2287 614 2348 κοτδ
628 2291 687 2350 τῶν
697 2286 810 2366 Τρώων
822 2287 871 2350 καὶ
887 2285 1085 2368 άνενέργητον
1097 2287 1170 2350 ὄντα
1184 2285 1289 2365 ἔνυξεν
1310 2307 1348 2367 ι5

184 2403 257 2470 427.
281 2384 491 2475 πτώσσοιμεν]
507 2391 668 2472 δειλιῷμεν
797 2390 872 2467 482.
896 2385 986 2475 τῆλε]
1002 2387 1119 2470 μακράν

281 2492 368 2577 αὐτῇ]
385 2492 441 2555 σάν
572 2510 646 2576 492.
671 2493 842 2575 είλυφάζει]
859 2494 944 2568 είλεῖ,
961 2492 1128 2574 συστρέφει
1142 2491 1211 2554 Α-

184 2596 258 2677 496.
282 2595 470 2678 τριβέμεναι]
486 2597 583 2661 άλοῖιν
715 2591 776 2682 κρῖ]
794 2595 882 2676 κριθά

283 2697 453 2784 ἐυκτιμένῃ]
469 2700 676 2784 εὗκατασκεύιρ
808 2699 907 2785 ἀλωή]
923 2698 1020 2764 άλωνι

184 2817 258 2886 497.
281 2801 393 2884 λεπτά]
409 2802 447 2865 τὰ
463 2802 550 2884 κριθά
680 2819 753 2883 499·
777 2798 919 2890 στεῖβον]
945 2802 1131 2866 κατεπάτουν
1308 2832 1346 2872 20

185 2923 258 2988 501.
283 2902 332 2996 άς]
349 2908 397 2970 οῖς
526 2906 723 2989 ῥαθάμιγγες]
740 2908 770 2969 αἱ
782 2908 904 3003 Ιῥανίδες

184 3024 258 3092 502.
281 3007 493 3093 ἐπισσώτρων]
514 3015 574 3074 τῶν
588 3015 704 3093 τροχῶν
797 3024 871 3094 503.
895 3009 1039 3093 ἀάπτους]
1054 3012 1108 3076 τὰς
1123 3008 1290 3089 άπτοήτους

697 3339 734 3399 Φ.

185 3495 214 3558 3.
237 3473 414 3557 διατμήξας]
430 3476 615 3558 διαχωρίσας
746 3494 776 3550 4.
800 3475 829 3536 οἱ
846 3471 953 3555 άλλοι]
966 3474 994 3536 οί
1006 3471 1160 3550 Ἕλληνες

186 3580 215 3641 6.
240 3580 271 3642 οἵ
282 3574 332 3666 γε]
350 3581 379 3642 οἱ
394 3584 496 3659 Τρῶες
628 3595 656 3657 7.
680 3577 809 3659 πρόσθε]
827 3577 924 3640 αὐτῶν
938 3582 998 3640 τών
1012 3577 1125 3657 Τρώων
1309 3596 1346 3655 25

283 3678 438 3770 ἐρυκέμεν]
456 3684 536 3746 ὥστε

187 3804 237 3850 20.
261 3785 376 3868 ἀεικής]
393 3786 528 3867 ἀπρεπής
543 3783 697 3871 ἀνδράσιν,
712 3782 778 3863 ἤτοι
792 3784 977 3864 γυναικώδης

187 3907 236 3973 23.
259 3890 407 3972 πιπλῖισι]
423 3888 572 3972 γράφεται
588 3896 606 3925 “
619 3892 775 3967 πιμπλᾶσι
785 3887 803 3912 ”

188 4005 237 4073 25.
260 3993 387 4075 δεινοῖο]
402 3992 551 4075 γράφεται
568 3992 616 4056 καὶ
631 3995 713 4071 ίῶτα,
728 3996 781 4055 τοῦ
796 3992 880 4057 δίνας
896 3990 1021 4074 ἔχοντος

184 4114 237 4174 40.
260 4095 427 4179 ἐπέρασσε]
443 4098 611 4174 ἐπώλησεν·
635 4100 729 4176 περᾶν
744 4095 801 4178 γὰρ
816 4095 851 4159 τδ
865 4098 981 4160 πωλεῖν
995 4093 1063 4174 παρ’
1079 4091 1203 4179 Ὁμήρῳ
1308 4119 1347 4178 3ο

186 4200 239 4277 64.
264 4200 407 4282 ώρμοινε]
424 4205 568 4264 διενοεῖτο

188 4323 237 4386 70.
260 4304 293 4365 ἐκ
309 4308 361 4365 τοῦ
377 4304 420 4366 άῶ
435 4303 470 4365 τὸ
485 4302 638 4384 κορέννυμι
654 4304 770 4386 γίνεται
785 4301 861 4365 ὅσοι
876 4305 911 4364 τδ
926 4300 1051 4381 κορέσαι
1073 4301 1122 4365 καὶ
1137 4309 1292 4367 πλεονασ-

141 4409 187 4494 μῷ
203 4410 255 4486 τῆς
269 4407 370 4492 με<ν>
388 4413 405 4441 “
418 4406 547 4484 άμμεναι
557 4405 577 4432 ”
593 4412 628 4469 τδ
644 4409 825 4487 κορεσθῆναι

189 4532 238 4596 79.
262 4510 477 4592 ἑκατόμβοιον]
494 4510 599 4574 ἐκατδν
613 4515 699 4590 βοῶν
713 4508 801 4590 τιμήν
888 4507 1004 4591 ήλφον]
1021 4507 1108 4588 εὖρον

188 4618 237 4680 80.
260 4615 387 4698 ε’λύμην]
403 4613 618 4694 ἐλυτρωσάμην
749 4626 800 4695 97.
822 4607 890 4698 μίν]
906 4611 959 4675 τδν
972 4609 1127 4694 Ἀχιλλέα
1309 4633 1347 4695 35

190 4733 260 4801 105.
283 4719 367 4801 περί]
383 4717 448 4797 ήτοι
464 4715 735 4799 περισ<σ>οτέρως

189 4844 260 4912 123.
284 4820 564 4904 ἀπολιχμήσονται]
581 4818 797 4898 άπολείξουσιν

232 4971 254 5024 7.
272 4958 395 5021 μετὰτῶν
413 4963 423 5018 ΙΙ
443 4971 482 5019 3²·
497 4955 601 5006 άατοτδ
612 4974 635 5007 κ.
656 4961 666 5016 ΙΙ
684 4952 741 5005 ἆσαι
754 4955 857 5019 scripsi:
874 4952 924 5003 άνυ
943 4957 954 5014 ll
974 4951 1013 5015 36.
1032 4950 1200 5016 περισοςίρονς
