2984 5474
558 667 729 729 1111on
752 668 787 729 z.
810 663 876 751 (6)
1088 735 1091 740 ,
1227 666 1290 728 515

187 840 260 920 778.
283 835 400 927 ἴθμαθ’]
422 838 459 902 τὰ
477 841 557 921 ίχνη,
578 840 616 901 τὰ
634 836 770 917 βήματα.
801 836 882 918 παρὰ
903 835 939 900 τδ
961 835 1021 917 εἶμι
1050 839 1112 918 ίμα,
1128 835 1168 904 ὧς
1190 839 1292 917 τίθημι

143 942 229 1025 θέμα,
246 943 295 1008 καὶ
310 944 493 1026 πλεονασμῷ
509 948 561 1006 τοῦ
575 927 597 1006 θ
610 944 683 1021 ίθμα

187 1045 261 1129 782.
284 1042 451 1134 εἰλόμενοι]
468 1046 733 1126 συναθροιζόμεναι

187 1149 261 1232 786.
285 1146 471 1239 αὐδήσασχ’]
488 1150 610 1232 ἐφόνει,
626 1150 705 1229 ἐβόα
719 1169 779 1212 reo.
870 1149 943 1230 796.
966 1146 1152 1237 τελαμῶνος]
1170 1149 1293 1232 ίμάντος

188 1267 262 1338 799.
288 1250 558 1342 ἱππείου-ζυγοῦ]
574 1258 627 1316 τοῦ
642 1259 702 1317 τῶν
716 1255 818 1317 ἵππων
1306 1265 1323 1324 5

187 1359 260 1422 800.
283 1353 440 1447 ήόλίγον]
456 1359 524 1423 οὗδέ
540 1358 648 1443 όλίγον
663 1378 722 1424 rec.

188 1461 262 1525 810.
285 1457 497 1549 προφρονέως]
514 1461 673 1543 προθύμως
687 1482 748 1524 τοο.

188 1564 260 1629 811.
285 1561 433 1653 πολυᾶιξ]
450 1567 658 1646 πολυόρμητος
792 1565 866 1649 823.
888 1563 1051 1655 ἀλήμεναι]
1069 1566 1267 1648 άθροισθῆναι

188 1668 261 1754 830.
285 1665 427 1757 σχεδίην]
444 1671 478 1733 ἐκ
493 1673 545 1732 τοῦ
561 1669 708 1752 σύνεγγυς
838 1664 923 1756 άζεο]
940 1670 1039 1750 σέβου

190 1770 307 1857 832-4.
333 1772 487 1854 έρμηνεόει
504 1770 617 1838 ὡσανεὶ
630 1779 665 1835 τὸ
681 1780 699 1809 “
710 1770 1001 1854 άλλοπρόσαλλον”
1016 1771 1108 1860 (831)
1310 1794 1346 1833 10

189 1875 261 1957 858.
283 1873 396 1964 έδαφε]
413 1875 548 1957 διέτεμεν
561 1897 622 1941 ree.

189 1979 262 2045 860.
284 1975 471 2067 ἐννεάχιλοι]
485 1965 507 2044 θ
521 1979 660 2063 χιλιάδες
783 1977 955 2068 δεκάχιλοι]
972 1981 1045 2046 δέκα
1059 1981 1198 2065 χιλιάδες

191 2082 262 2162 864.
285 2079 549 2171 ἐρεβεννὴ-ἀήρ]
566 2085 696 2166 άορασία

190 2187 264 2270 879.
287 2184 527 2275 προτιβάλλεαι]
544 2186 748 2267 ἐπιπλήσσεις

190 2290 264 2354 886.
288 2286 483 2379 νεκάδεσσιν]
501 2291 712 2372 νεκροκοιτίοις
849 2292 922 2376 893.
947 2289 1079 2381 σπουδῇ]
1095 2294 1184 2377 μόγις
1311 2306 1346 2364 15
1441 2351 1443 2355 .

191 2393 264 2476 894.
288 2390 479 2482 ἐννεσίῃσιν]
496 2400 695 2475 συμβουλαῖς·
719 2393 779 2460 άπδ
793 2401 845 2460 τοῦ
861 2397 960 2475 ἐνίημι

189 2516 264 2581 901.
288 2495 497 2586 ἐπειγόμενος]
513 2497 740 2580 ταρασσόμενος
903 2495 994 2588 όπός]
1009 2500 1029 2580 ἣ
1045 2500 1137 2566 πιτιία

286 2603 390 2685 ὥσπερ
414 2604 430 2665 δ
452 2602 527 2669 όπδς
548 2605 742 2684 βαλλόμενος
765 2605 809 2670 είς
830 2609 865 2667 τδ
886 2603 969 2687 γάλα
989 2606 1083 2687 ὑγρὸν
1097 2603 1133 2671 δν
1146 2605 1296 2688 ταράσσει

146 2706 243 2772 ἐκεῖνο

190 2827 264 2893 902.
287 2808 513 2895 περιτρέφεται]
534 2808 751 2894 περιπήγνυται
879 2807 1037 2900 κυκόωντι]
1053 2814 1095 2899 τῷ
1110 2812 1295 2896 ταράσσοντι
1310 2832 1348 2873 20

703 3057 738 3119 Z.

194 3209 222 3256 1.
245 3185 395 3278 φόλοπις]
419 3187 437 3271 ἢ
459 3189 519 3255 άπὸ
541 3195 594 3254 τοῦ
615 3190 690 3255 κατά
713 3196 798 3272 φῦλα
818 3188 973 3273 μάχεσθαι
996 3191 1234 3276 συνερχομένους
1256 3191 1297 3257 ad

147 3315 195 3378 pr.
210 3293 282 3360 add.
297 3316 357 3360 ree.

191 3417 222 3465 2.
246 3400 296 3463 δτέ
318 3399 375 3478 μέν
396 3404 457 3463 τῶν
475 3396 609 3483 Ἀχαιῶν
623 3399 853 3481 ἀνατρεπόντων
874 3383 1080 3482 τοὺςΤρῶας,
1095 3402 1147 3466 δτέ
1167 3404 1201 3466 δέ
1222 3401 1297 3467 άνα·

147 3501 339 3583 τρεπομένων
352 3501 403 3568 ὑπ’
418 3503 515 3567 αὐτῶν
530 3507 595 3574 A÷
1313 3525 1350 3584 25

193 3623 223 3688 9.
248 3601 463 3694 ἱπποδασείης]
482 3606 659 3688 ἱππολόφου
673 3627 733 3670 τοο.

190 3707 244 3793 38.
266 3705 450 3797 άτυζομένω]
467 3710 655 3791 φοβούμενοι
669 3729 730 3775 rec.
862 3729 915 3789 40.
930 3707 1059 3799 πρότῳ]
1076 3712 1116 3797 τῷ
1131 3711 1212 3798 άιιρῳ
1227 3716 1290 3782 A÷

191 3811 245 3876 60.
269 3808 414 3900 άφαντοι]
431 3812 590 3893 άνόννμοι,
606 3812 736 3895 άφανεῖς

190 3917 244 3982 62.
266 3912 436 4004 παρειπόν]
453 3917 744 3999 παραμυθησάμενος
759 3939 820 3982 ree.

191 4018 244 4099 64.
267 4022 309 4105 τῷ
326 4019 434 4085 πλάτει
449 4024 502 4083 τοῦ
516 4020 609 4088 ποδδς
623 4020 759 4101 πατάξας
774 4041 834 4086 rec.
1311 4046 1350 4103 3ο

192 4122 243 4204 78.
266 4123 332 4204 ήτοι
349 4123 481 4206 έγκειται
499 4125 533 4187 ἐν
547 4125 583 4210 τῇ
599 4124 725 4210 ὑμετέρᾳ
740 4126 878 4207 φροντίδι
895 4126 1028 4207 σωτηρία
1041 4131 1102 4193 τῶν
1116 4124 1298 4210 πραγμάτων

147 4223 188 4289 ad
204 4247 253 4309 pr.
269 4225 341 4290 add.
357 4247 416 4290 ree.
434 4232 496 4297 λε
1115 4232 1118 4240 “

193 4328 245 4411 78,
261 4351 293 4414 9.
316 4330 410 4414 ό<τ>ι
427 4333 502 4395 κατὰ
518 4329 617 4395 πάντα
631 4334 669 4394 τά
687 4329 763 4414 μέρη
778 4335 831 4411 τῆς
852 4332 954 4416 μάχης
976 4334 1027 4399 καὶ
1048 4337 1101 4414 τῆς
1121 4331 1299 4418 φρονήσεως

148 4431 232 4512 ὑμεῖς
248 4431 407 4514 διαφέρετε
421 4454 482 4497 ree.
598 4475 599 4478 =

194 4536 245 4599 81.
268 4538 339 4618 πρὶν
357 4537 423 4620 <-
436 4533 597 4625 πεσέειν>]
614 4537 720 4607 αὐτούς
1175 4621 1177 4624 ,
1312 4558 1350 4621 35

193 4637 245 4724 83.
267 4636 480 4727 ἐποτρύνητον]
497 4639 683 4723 παροξόνητε

195 4760 247 4827 94.
271 4736 351 4828 ήνις]
369 4742 436 4809 ένος
451 4743 468 4805 ό
484 4743 628 4822 ἐνιαυτός,
643 4745 822 4827 παράνομον
837 4745 899 4813 ένις
914 4747 964 4812 καὶ
979 4748 1075 4833 τροπῇ
1090 4752 1143 4812 τοῦ
1157 4747 1175 4814 ἔ
1189 4747 1267 4829 είςῖη

186 4875 225 4925 15.
237 4860 422 4925 νεκροκοιτυίαις
441 4868 452 4923 11
474 4863 512 4912 18.
525 4861 645 4925 ταράσσει
657 4865 690 4911 W
702 4881 733 4914 ex
743 4865 761 4914 1.
775 4878 821 4914 τοι
832 4863 921 4915 τάσσει
940 4872 950 4926 ΙΙ
971 4880 1008 4916 το.
1020 4866 1205 4932 περιστρέφιται
1215 4874 1302 4920 textus

154 4930 165 4987 ΙΙ
178 4925 225 4976 δτδ
236 4934 296 4978 καίει
307 4929 342 4990 τῷ
356 4928 439 4977 delevi
451 4934 480 4978 ut
492 4928 516 4976 D
529 4933 540 4989 ΙΙ
555 4942 594 4994 29.
606 4928 831 4992 παραμυθησάμενος
843 4933 883 4983 D:
900 4931 1119 4996 ταρακοθισάμενος
1131 4939 1141 4996 ΙΙ
1155 4948 1195 4998 30.
1207 4933 1302 4985 πατάσ-

152 5008 196 5042 σας
214 4997 225 5052 ΙΙ
244 4992 283 5055 36.
302 4991 462 5057 έτοτρόνεταν
472 4998 558 5043 textus

699 5060 777 5127 1l2
