2984 5474
180 695 246 757 488
598 694 770 756 1A1AA02
794 696 829 759 A.
852 689 918 778 (1)

227 862 278 927 88.
302 860 508 951 δερκομένοιο]
524 863 718 946 βλεπομένου
780 884 832 948 9ο.
853 858 1065 951 Ἀγαμέμνων]
1082 864 1215 948 ὑτρίτος
1227 859 1336 946 έξοχος

228 967 280 1052 98.
303 973 320 1002 “
332 968 381 1032 έλι
392 964 408 992 ”
425 970 500 1031 κατὰ
518 969 678 1034 διάλεκτον
693 972 781 1033 καλεῖ
796 968 833 1031 τὸ
846 967 945 1048 μέλαν

232 1090 302 1135 100.
323 1073 376 1153 μὶν
391 1069 587 1159 πεπίθοιμεν]
607 1071 660 1136 τδν
673 1072 859 1136 Ἀπόλλωνα
875 1073 1037 1152 πείσωμεν

231 1194 302 1261 103.
327 1179 359 1240 ἐκ
380 1180 432 1238 τοῦ
452 1175 528 1259 άχος
551 1177 616 1258 άχω
637 1175 729 1259 άχὺω,
746 1173 794 1239 καὶ
815 1178 891 1239 κατδ
908 1173 1105 1256 πλεονασμὸν
1120 1179 1173 1238 τοῦ
1190 1177 1209 1240 ν
1226 1173 1339 1256 άχὺνω,

155 1296 172 1358 5
188 1279 237 1343 καὶ
258 1281 292 1344 ἐν
312 1278 475 1362 ὑπερθέσει
494 1280 606 1363 άχνὺω,
622 1280 672 1345 καὶ
692 1281 709 1342 θ
726 1280 760 1361 [st
776 1280 906 1347 ἐνεστέος
924 1278 1035 1362 άχνυμι
1056 1278 1156 1344 καὶτὸ
1172 1276 1342 1357 παθητικὸν

187 1383 319 1465 ἄχνυμαι

317 1486 408 1567 μένος
424 1488 565 1566 σημαίνει
579 1487 655 1569 τρία,
671 1486 723 1552 τὸν
738 1489 842 1568 θυμόν,
858 1486 898 1554 ὡς
913 1486 963 1551 ἐπὶ
983 1486 1097 1567 τούτου,
1112 1486 1168 1567 τὴν
1187 1484 1287 1568 ίσχὺν,
1303 1482 1343 1550 ὑς

189 1587 222 1655 τδ
240 1593 256 1622 “
265 1595 342 1655 δῶκε
356 1589 446 1671 μένος
463 1591 511 1654 καὶ
528 1589 664 1673 θάρσος”
680 1589 754 1677 (Od.
770 1610 797 1654 1.
814 1587 900 1676 321),
915 1590 971 1670 τὴν
984 1587 1099 1674 ψυχήν,
1115 1590 1155 1656 ὥς
1170 1595 1205 1653 τδ
1222 1594 1239 1622 “
1251 1574 1344 1668 μένος

187 1690 327 1776 Ἀρηος”
343 1692 397 1779 (ΙΙ.
416 1692 465 1758 18.
483 1690 560 1780 264)

140 1815 177 1856 10
237 1817 309 1878 104.
332 1797 392 1862 άπὸ
412 1801 464 1861 τοῦ
485 1796 596 1879 λάμπω
619 1794 772 1886 [ἐγέ]νετο
797 1804 950 1880 λαμπετιῦ,
975 1796 1009 1862 τὸ
1029 1795 1185 1879 οὑδέτερον
1207 1801 1242 1860 τὸ
1266 1802 1344 1874 λαμ·

190 1908 298 1978 πετιῦν,
314 1901 332 1980 ἡ
349 1901 452 1984 γενικὴ
468 1907 520 1965 τοῦ
534 1908 757 1981 λαμπετῶντος,
772 1902 791 1981 ἡ
808 1904 910 1983 δοτικὴ
924 1908 1127 1983 λαμπετῶντι,
1143 1898 1193 1965 καὶ
1210 1908 1345 1965 πλεονα-

192 2007 259 2092 σμῷ
275 2010 327 2068 τοῦ
341 2016 358 2069 ὃ
371 2009 387 2038 “
399 2001 610 2084 λαμπετόωντι
620 2003 640 2032 ”

238 2125 309 2174 112.
332 2105 452 2197 ἐπειδή]
469 2109 538 2173 ἐπεί
680 2128 751 2190 114
774 2109 808 2173 οὑ
823 2105 907 2197 έθεν]
928 2111 1064 2190 οὑδαμιῦς
1079 2108 1169 2188 αὑτῆς

240 2212 310 2276 118.
334 2208 429 2301 ὄφρα]
446 2207 512 2279 τδέ
532 2211 624 2297 (καὶ)
642 2216 732 2295 οπρδ
749 2213 859 2280 δασέος
873 2218 1021 2295 ψιλοῦται

144 2332 180 2395 15
241 2333 312 2382 120.
335 2311 432 2404 άλλη]
448 2316 590 2400 ἀλλαχοῦ
605 2316 673 2378 A:

144 2451 146 2455 ·
239 2437 311 2486 121.
334 2415 499 2508 ποδάρκης]
516 2422 533 2484 ὑ
549 2422 690 2503 ἐπαρκεῖν
710 2422 803 2506 ἑαυτῷ
819 2418 982 2501 δυνάμενος
996 2422 1047 2485 διδ
1060 2423 1115 2499 τῆς
1129 2417 1273 2499 ὀξύτητος
1288 2423 1349 2482 τῶν

194 2529 297 2590 ποδῶν
312 2524 361 2587 καὶ
375 2524 563 2606 ἀποφεύγειν
579 2524 647 2591 τοὺς
662 2524 828 2604 πολεμίους
843 2529 904 2594 B÷

241 2644 313 2712 123.
335 2624 517 2717 μεγάθυμοι]
534 2629 651 2710 ἐπαίρει
667 2627 735 2695 τοὺς
746 2627 906 2707 Ἕλληνας
921 2631 964 2696 είς
980 2629 1088 2693 ἑαυτόν

242 2749 313 2809 124.
339 2731 483 2815 <ίδμεν>]
512 2733 634 2811 οἴδαμεν
657 2730 694 2811 ἦν
716 2730 878 2814 άφαιρέσει
901 2731 990 2796 τοῦο
1017 2730 1066 2796 καὶ
1093 2732 1231 2818 συγκοπῇ
1252 2733 1307 2793 τοῦ
1329 2739 1349 2791 <i

146 2861 184 2901 20
197 2837 292 2916 ίδμεν·
323 2834 499 2916 ὑδεὺτερος
521 2834 664 2916 ἀόριστος
689 2835 810 2919 (ίδου),
834 2834 869 2898 τδ
898 2841 1017 2918 πρῶτον
1046 2841 1107 2899 τῶν
1135 2837 1349 2916 πληθυντικῶν

196 2940 308 3020 ίδομεν,
324 2939 374 3002 καὶ
391 2938 465 3003 κατὰ
481 2939 638 3022 ουγκοπῆν
655 2943 738 3003 τοῦδ
755 2943 772 2972 “
783 2941 868 3021 ἴδμεν
882 2936 898 2964 ’'

244 3057 315 3125 125.
340 3038 543 3130 <δέδασται>]
564 3043 638 3106 δαίω
654 3043 689 3106 τὸ
710 3042 810 3107 κόπτω
832 3041 881 3107 καὶ
895 3048 929 3107 τδ
943 3043 1062 3126 μερίζω,
1078 3041 1235 3122 ὑμέλλων
1250 3040 1349 3106 δαίσω

200 3147 248 3210 καὶ
267 3146 303 3226 ἐξ
322 3145 411 3210 αὑτοῦ
433 3147 556 3211 δέδαικα
576 3148 624 3211 καὶ
644 3148 787 3235 άποβολῇ
808 3151 860 3211 τοῦ
875 3156 888 3210 t
901 3145 1051 3223 δέδακα,ὑ
1074 3145 1239 3226 παθητικδς
1253 3169 1350 3226 παρα·

200 3250 336 3329 κείμενος
350 3249 497 3330 δέδασμαι
513 3258 530 3286 “
543 3250 687 3315 δέδασται
696 3249 715 3276 ”

149 3374 186 3428 25
247 3371 317 3437 129.
341 3352 479 3419 λάπαθος
500 3353 618 3435 βοτάνη
647 3353 821 3437 καθαρτικῆ·
845 3355 1032 3438 καὶγίνεται
1054 3351 1201 3435 έξαὺτοῦ
1223 3352 1352 3431 λαπάζω

201 3457 251 3521 καὶ
266 3458 341 3521 κατὰ
356 3457 552 3538 πλεονασμὸν
567 3463 620 3522 τοῦ
634 3469 653 3522 ᾶ
670 3457 815 3537 άλαπάζω

248 3579 318 3645 134.
344 3554 498 3646 <ἧσθαι>]
520 3563 602 3642 παρδ
624 3560 659 3624 τδ
678 3562 717 3624 έω
740 3562 774 3626 τδ
793 3560 963 3643 καθέζομαι·
986 3561 1091 3626 τούτου
1111 3567 1146 3624 τδ
1168 3556 1355 3643 παραγωγδν

201 3664 270 3745 έημι
286 3662 335 3728 καὶ
349 3665 366 3727 ὑ
382 3668 544 3743 παθητικάς
559 3661 645 3745 ἐεμαι
661 3664 710 3728 καὶ
726 3664 831 3747 κράσει
846 3666 920 3747 ἧμαι
936 3666 984 3730 καὶ
999 3665 1091 3746 ἧσται
1107 3666 1156 3730 καὶ
1172 3672 1190 3701 “
1200 3660 1323 3744 ἣσθαι”

247 3769 317 3852 136.
341 3765 443 3854 ἔσται]
467 3768 569 3833 λείπει
592 3768 695 3832 καλόν·
718 3765 737 3847 ἦ
760 3768 841 3834 ὅπως
862 3771 932 3832 ἴσον
953 3772 988 3856 τῇ
1010 3771 1065 3856 ἐμῇ
1086 3767 1156 3853 άξίᾳ
1178 3768 1312 3852 γένηται·
1334 3762 1354 3843 ἢ

150 3893 189 3950 30
201 3870 266 3952 μεθ’
285 3873 467 3950 ὑποστολῆς,
483 3871 549 3936 εἶτα
563 3870 598 3934 τδ
614 3875 632 3906 “
645 3869 758 3935 έσται”

248 3993 320 4060 143.
343 3971 496 4064 ἐπίτηδες]
514 3976 688 4054 ἐπιτηδείως

249 4096 320 4156 144.
344 4075 569 4166 καλλιπάρῃον]
588 4082 638 4143 διδ
659 4083 746 4159 τοῦῆ
764 4085 905 4162 Δωρικῶς

252 4198 322 4262 147.
345 4180 571 4268 ἐκπαγλότατα]
592 4182 752 4263 μεταθέσει
771 4190 824 4248 τοῦ
843 4194 861 4263 ἠ
878 4187 921 4251 είς
935 4196 965 4249 ᾰ·
988 4189 1069 4268 παρδ
1084 4189 1141 4269 γδρ
1157 4192 1192 4250 τδ
1207 4183 1354 4265 πλήσσω·

206 4287 255 4350 ἐπὶ
269 4288 325 4366 μὲν
339 4291 473 4369 ψυχικοῦ
492 4285 605 4354 πάθους
628 4290 678 4351 διδ
692 4291 745 4350 τοῦ
760 4297 789 4361 (i,
807 4287 856 4353 ἐπὶ
874 4291 907 4352 δὲ
923 4294 974 4353 τοῦ
990 4297 1161 4369 σωματικοῦ
1176 4288 1359 4374 πλήγματος

152 4404 190 4465 35
205 4393 254 4455 διδ
270 4394 322 4452 τοῦ
336 4396 369 4467 η·
394 4389 532 4472 ἐπλάγην
546 4393 604 4473 γὰρ
620 4390 668 4454 καὶ
685 4388 857 4474 ἐξεπλάγην
873 4394 922 4456 ἐπὶ
938 4396 990 4471 τῆς
1005 4397 1108 4477 ψυχῆς

104 4495 109 4504 ’
251 4507 322 4578 150.
344 4494 460 4575 ὑπόδρα
475 4489 560 4581 ίδάυ]
577 4493 677 4560 δεινδν
688 4494 949 4578 ὑποβλεψάμενος
964 4502 1029 4560 A:

345 4592 474 4684 ὑπόδρα]
496 4599 652 4679 ἐπίρρημα.
681 4599 799 4682 γίνεται
822 4601 855 4663 δέ
875 4601 979 4682 ὥσπερ
994 4601 1055 4666 άπὸ
1076 4607 1129 4666 τοῦ
1144 4601 1244 4685 ἠρεμιῦ
1260 4600 1360 4705 ἠρέμα

237 4884 262 4936 6.
279 4885 393 4951 nequitur
409 4885 486 4936 schol.
503 4901 551 4936 τοο
565 4886 653 4936 eadem
664 4887 696 4937 do
706 4903 743 4947 re,
755 4892 783 4938 αδ
795 4887 847 4938 fere
861 4890 1001 4940 evanidum
1019 4896 1029 4951 ΙΙ
1050 4899 1072 4954 7.
1090 4906 1165 4955 ιαμτιι
1176 4889 1241 4954 μέγα
1251 4908 1277 4941 v.
1293 4891 1355 4956 103]

204 4952 325 5017 seriptum
336 4949 397 5031 μένη
415 4956 425 5013 Ι]
444 4965 482 5003 ιο.
492 4949 578 5031 ,οἶδμεν
588 4953 602 5001 ά
614 4954 633 5001 δ.
648 4959 659 5013 ΙΙ
674 4963 711 5016 27.
724 4952 755 5004 έοι
770 4960 780 5014 ss
796 4958 834 5006 18.
847 4953 901 5019 έημι
919 4964 929 5020 ΙΙ
948 4955 1014 5018 έκμαι
1028 4961 1038 5017 ΙΙ
1054 4971 1092 5021 29.
1104 4957 1137 5008 nd
1150 4970 1196 5021 135
1211 4963 1241 5007 ut
1252 4957 1357 5009 videtur

205 5018 282 5068 schol.
295 5023 365 5068 emt
376 5033 403 5068 m
419 5034 533 5082 margmo
545 5018 682 5069 οταιιιάιιιιι
