2984 5474
562 660 734 722 ιπικοον
756 660 780 720 1.
803 655 874 746 (9)
1229 661 1293 722 ινα

187 841 229 914 35
230 841 260 910 5.
281 824 362 917 οἶον]
378 827 464 909 δποξ
475 833 539 892 A:
676 830 748 914 358.
772 825 902 916 νηήσας]
919 829 1075 911 σιορεθσας
1092 835 1157 894 A:

187 931 262 1016 378.
284 933 471 1015 τίοι-καρὸς
489 929 577 1021 αἴσῃ]
596 929 615 1012 ἢ
636 934 670 997 ἐν
691 931 776 1012 τόξει
791 932 921 997 θανότου
942 932 1081 1016 ἡγοῦμαι,
1096 933 1125 1014 ἤ,
1142 933 1182 1001 ὥς
1204 933 1290 1013 ένιοι,

143 1036 179 1100 έν
189 1035 273 1116 τάξει
282 1038 483 1119 μισθοφόρου,
498 1037 538 1104 ὦς
555 1037 671 1117 ἀτιμον
694 1042 808 1119 πρῶτοι
821 1040 881 1120 γὰρ
894 1041 990 1119 Κᾶρες
1005 1039 1056 1102 ἐπὶ
1069 1040 1169 1124 μισθῷ
1180 1040 1290 1121 ἐστρα-

143 1139 295 1219 τεόθησαυ
309 1137 359 1204 καὶ
372 1138 481 1219 έδοξαν
496 1140 573 1206 εἴναι
588 1141 762 1220 ἀτιμότατοι
780 1161 840 1205 rec„
856 1144 920 1211 A÷

187 1240 568 1332 οιοπνοιοοοε
1305 1268 1324 1329 5

187 1363 262 1424 402.
285 1343 443 1435 ἐκτῆσθαι]
465 1350 627 1427 κεκτῆσθαι
647 1347 792 1429 ὤφειλεν,
808 1347 892 1412 ἀλλά
911 1349 977 1412 ἐστι
1000 1353 1060 1413 τῶν
1082 1345 1237 1423 Ἀττικῶν,
1260 1351 1291 1414 οἱ

144 1453 178 1515 δέ
192 1450 325 1516 Ἀττικοὶ
339 1449 532 1531 ἐκβάλλουσι
546 1458 581 1515 τὸ
596 1452 762 1533 σόμφιονον

187 1573 259 1633 404
285 1550 497 1642 <ἀφήτορος>]
513 1552 532 1634 ἢ
547 1554 745 1637 όμοφήταρος,
760 1556 871 1635 δμοίως
888 1558 966 1619 πᾶσι
980 1557 1224 1637 προφητεύοντος
1243 1558 1293 1622 καὶ

144 1657 373 1740 μαντευομένου,
388 1660 429 1744 τῷ
445 1684 479 1724 τε
492 1657 599 1737 πένητι
614 1659 664 1723 καὶ
679 1660 816 1744 πλουσίῳ
832 1663 895 1729 A÷

187 1775 262 1844 425.
284 1763 373 1826 τοῦτό
387 1763 494 1841 φησιν,
509 1762 556 1826 ότι
574 1763 688 1842 ματαία
701 1762 788 1826 ἐστὶν
802 1762 903 1829 αιἰτοῖς
917 1762 1021 1845 γνιόμη
1037 1764 1120 1844 αθτη,
1135 1762 1174 1842 ἦν
1188 1764 1291 1843 ἐποίη-
1308 1785 1345 1825 10

142 1891 202 1930 σαν
223 1868 253 1930 οἱ
271 1864 424 1944 Ἕλληνες
439 1863 614 1947 πέμψαντες
630 1865 707 1944 ὑμᾶς
726 1864 875 1947 πρέσβεις
886 1868 962 1948 πρός
982 1893 1021 1947 με
1041 1867 1082 1934 ὥς
1096 1866 1279 1947 δυναμένους

143 1973 249 2034 πεῖσαι
265 1973 356 2032 AB:

188 2091 263 2158 433.
288 2068 525 2160 <ἀναπρήσας>]
541 2069 742 2154 ἀναφυσήσας
757 2068 776 2151 ἣ
792 2073 908 2154 ἀθρόως
923 2074 1091 2153 ἀναβαλόν

189 2194 263 2255 440.
285 2172 407 2264 νήπιον]
424 2176 625 2257 σμικρότατον

284 2280 392 2362 φασίν,
405 2280 452 2344 ότι
466 2280 581 2344 δώδεκα
594 2280 672 2343 ἐτῶν
686 2276 752 2358 ἦυό
765 2278 939 2363 Ἀχιλλεύς,
949 2281 1001 2345 ὅτε
1016 2280 1110 2361 ἦλθεν
1122 2283 1166 2349 είς
1176 2281 1290 2363 Τροίαν
1310 2300 1345 2359 ι5

189 2403 261 2463 444
284 2379 338 2472 ὥς]
357 2384 406 2448 διό
534 2396 610 2464 445.
631 2380 797 2472 ὑποσταίη]
812 2384 982 2468 ὑπόσχοιτο
997 2389 1062 2448 A:

188 2487 263 2566 448.
284 2483 480 2574 Ὀρμενίδαο]
495 2484 641 2568 Ὀρμένου
656 2489 764 2553 παιδός

189 2608 263 2672 449.
286 2595 454 2672 διφορεῖται
468 2588 582 2673 γραφή,
597 2590 647 2654 καὶ
661 2589 804 2670 παλλακή
819 2592 870 2656 καὶ
884 2592 1036 2659 παλλακίς

189 2706 263 2774 452.
286 2690 481 2781 προμιγῆναι]
499 2693 557 2775 πρὸ
571 2697 624 2757 τοῦ
638 2695 751 2775 πατρός
766 2699 831 2766 A÷

189 2811 262 2883 453.
285 2800 320 2885 τῇ
337 2798 468 2878 πιθόμην
483 2795 532 2861 καὶ
546 2792 649 2884 ἔρεξα]
666 2803 784 2878 σεμνῶς

189 2914 262 2982 470.
286 2897 458 2988 εἰνόιυχες]
475 2901 525 2965 ἐπὶ
540 2899 568 2965 θ
583 2901 690 2968 υόκτας
706 2906 770 2964 A:

187 3023 263 3090 491.
286 3007 320 3070 ἐν
334 3004 442 3093 νηπιέῃ
458 3001 616 3093 ἀλεγεινῇ]
633 3006 717 3091 έντῇ
734 3006 936 3092 παιδοτροφίᾳ
951 3007 986 3093 τῇ
1002 3007 1123 3093 χαλεπῇ

187 3127 263 3194 493.
285 3105 317 3198 δ]
334 3110 382 3174 ότι
397 3113 459 3180 λιι-
597 3105 704 3197 γόνον]
721 3109 843 3175 παιδίον

188 3227 263 3295 497.
286 3213 321 3278 τὸ
335 3215 517 3298 ἐπιχείρημα
531 3211 592 3276 ἀπὸ
605 3214 742 3292 μείζονος
829 3226 902 3298 519.
925 3210 1054 3302 ὑπέστη]
1070 3213 1222 3298 ὑπέσχετο

190 3332 264 3401 524.
286 3312 487 3404 ἐπευθόμεθα]
502 3317 658 3396 ἠκούομεν.
688 3317 716 3400 6.
737 3317 842 3399 δόραις
856 3318 1031 3397 πειθόμενοι
1045 3316 1116 3380 A:
1309 3335 1346 3396 25

189 3435 264 3508 532.
286 3417 493 3508 διαπραθέειν]
509 3422 660 3501 πορθῆσαι

189 3539 264 3612 533.
287 3519 383 3612 τοῖσι]
399 3529 463 3590 τοῖς
481 3525 687 3591 Καλυδωνίοις
800 3536 874 3610 534.
896 3520 1009 3612 γουνῷ]
1026 3525 1066 3610 τῷ
1081 3525 1196 3610 γονίμῳ
1211 3526 1294 3610 τόπιρ

189 3643 261 3717 535.
284 3623 407 3716 Οίνεός]
422 3628 573 3709 βασιλεὺς
589 3629 792 3692 Καλυδωνίων
878 3629 952 3712 538.
974 3632 1040 3692 δῖον
1053 3623 1157 3716 γένος]
1174 3625 1198 3691 ὦ

189 3747 263 3817 540.
285 3729 377 3820 έθωυ]
394 3730 431 3812 ἐξ
444 3729 530 3798 ἐθαυς
545 3736 649 3805 ποιῶν,
661 3730 742 3807 ἐθάς,
758 3730 909 3797 καταστάς
925 3735 983 3793 Αη

189 3849 262 3917 541.
285 3835 493 3920 προθέλυμνα]
507 3832 526 3913 ἢ
542 3834 734 3918 πρόρ<ρ>ιζα
744 3839 770 3897 Α
780 3849 807 3905 ÷
890 3836 965 3916 546.
988 3834 1140 3919 ἐπέβησε]
1155 3835 1172 3898 ό
1186 3839 1293 3918 χοῖρος
1308 3857 1347 3913 30

188 3955 263 4023 547.
288 3938 329 4025 (ἣ
350 3938 375 4006 δ’
392 3942 468 4022 ἀμφ’
483 3936 602 4027 αθτῷ>]
619 3937 685 4018 ἤτοι
701 3936 779 4018 ἀμφὶ
798 3940 893 4024 ἐαυτῷ
908 3939 926 4000 ό
940 3943 1054 4022 χοῖρος.
1084 3942 1233 4021 ψιλοῦται
1249 3936 1294 4017 δέ,

146 4049 223 4111 διότι
237 4044 380 4110 οὐδέποτε
395 4041 529 4128 συνθέτιρ
545 4042 713 4128 ἀντωνυμίᾳ
727 4045 837 4126 χρῆται
852 4043 869 4104 ό
883 4041 1010 4122 ποιητής

286 4143 374 4235 θῆκε]
392 4149 527 4233 όχοῖρος
656 4159 731 4228 551.
751 4141 856 4232 κακός]
872 4144 1023 4229 γρόφεται
1037 4150 1055 4182 “
1066 4143 1191 4212 κακός”

189 4266 265 4338 553.
289 4254 338 4318 καὶ
353 4245 474 4337 ἀλλων]
490 4251 557 4315 οίον
572 4253 628 4313 σοῦ

189 4359 263 4439 562.
285 4351 470 4442 Ἀλκυόνην]
493 4354 568 4436 πρὸς
590 4351 824 4432 ἀντιδιαστολὴν
845 4355 898 4416 τοῦ
920 4350 1034 4434 ὀρνέου,
1056 4352 1095 4431 όν
1116 4359 1218 4434 φαμέν
1239 4352 1294 4416 ἀλ·
1308 4365 1347 4427 35

146 4464 239 4528 κυόυα

190 4567 264 4651 563.
286 4558 386 4653 οἶτον]
403 4560 564 4645 συμφορόυ
578 4566 643 4625 A:

189 4669 263 4750 567.
280 4666 497 4753 (κασιγνήτοιο
518 4659 667 4752 φόνοιο>]
686 4662 753 4744 ἤτοι
771 4665 821 4728 διδ
842 4670 897 4729 τδυ
919 4662 1017 4773 φόνον
1038 4666 1090 4726 τοῦ
1112 4662 1295 4743 ἀδελφοῦ-

145 4770 301 4838 ἀπέκτεινε
320 4773 379 4853 γὰρ
394 4768 575 4851 Μελέαγρος
596 4768 666 4836 τοὺς
678 4763 879 4851 μήτρωος-ἣ
901 4768 967 4831 ἀντὶ
987 4769 1040 4829 τοῦ
1061 4767 1136 4846 ὑπὲρ
1150 4791 1294 4847 κασιγνη-

179 4915 203 4965 4
220 4897 368 4962 ἀτιμότατα
387 4903 398 4962 ΙΙ
416 4911 455 4964 15.
472 4895 507 4948 Ἀ.
519 4896 579 4947 όταν
596 4902 607 4958 ΙΙ
628 4897 665 4946 18.
683 4895 828 4960 διαφορεῖται
847 4899 858 4955 11
878 4909 916 4945 πο.
935 4893 1053 4956 σεμνότης
1069 4897 1080 4954 11
1101 4893 1138 4942 18.
1155 4892 1189 4943 sd
1207 4909 1232 4942 v.
1245 4893 1294 4957 538

143 4965 269 5031 ίοχέαιρα]
280 4966 379 5028 αιοὶιίἡ
402 4971 412 5027 ΙΙ
435 4978 472 5029 ²9·
489 4963 562 5013 ποιῶν
573 4963 675 5028 scripsi:
693 4979 773 5024 τοιμιν
784 4961 835 5026 legi
851 4967 863 5022 ΙΙ
882 4974 921 5026 39.
936 4959 1048 5024 μητρυατ
1059 4959 1108 5010 W:
1125 4957 1200 5023 ‘W
