2984 5474
561 674 732 735 ιΛιΑΔοΣ
756 675 788 733 r.
811 667 876 755 (3)
1229 668 1293 732 τοο

188 863 261 930 197.
282 839 518 930 πηγεσιμάλλῳ]
536 842 678 925 εὐπαγεῖς
691 841 828 922 μαλλοδς
844 842 947 925 ἔχοντι

189 963 262 1030 205.
287 947 365 1032 (ἤδη
391 942 488 1033 γάρ>]
513 951 572 1028 πρὸ
598 946 656 1028 γάρ
682 950 735 1009 τοῦ
760 949 942 1025 στρατεῦσαι
967 944 1037 1010 τοὺς
1061 942 1218 1024 Ἕλληνας
1249 944 1293 1011 είς

142 1053 257 1133 Τροίαν
279 1051 375 1131 ἦλθον
397 1050 545 1130 πρέσβεις
566 1049 736 1116 Ὀδυσσεὺς
763 1050 812 1112 καὶ
836 1046 1004 1115 Μενέλαος
1016 1045 1215 1114 α’παιτοῦντες
1237 1047 1294 1126 τὴν

143 1153 283 1234 Ἐλένην·
306 1156 340 1218 έν
363 1151 386 1237 φ
412 1159 472 1218 τῶν
494 1154 600 1218 ἀλλων
629 1151 735 1219 αὐτοὺς
763 1148 830 1232 μεθ’
856 1152 973 1234 ὕβρεως
1002 1148 1173 1231 διωξάντων
1200 1151 1293 1230 μόνος

143 1255 297 1338 Ἀντήνωρ
312 1255 420 1336 ξενίζει
436 1258 634 1338 φιλοφρόνως

189 1371 262 1439 215.
284 1359 367 1442 γένει
378 1356 519 1447 ὕστερος]
539 1360 595 1439 τὴν
608 1358 733 1438 ἡλικίαν
747 1359 889 1439 νεώτερος

189 1477 262 1543 217,
285 1459 432 1551 στάσκεν]
450 1465 558 1527 ἵστατο

285 1567 359 1630 ὑπαὶ
379 1568 411 1631 δέ
427 1563 543 1654 ίδεσκε]
560 1564 739 1647 ὑπέβλεπεν

191 1670 261 1734 218.
286 1669 479 1750 σημειωτέον,
492 1672 539 1734 ὅτι
555 1671 683 1736 έκαστος
697 1674 758 1734 τῶν
771 1667 928 1748 ἡγεμόνων
942 1670 1095 1748 σκῆπτρον
1110 1666 1193 1749 είχεν
1208 1667 1294 1744 ἴδιον,

146 1770 197 1837 καί
211 1771 376 1854 Ἀχιλλεὺς
391 1775 425 1839 έν
439 1775 480 1857 τῷ
497 1779 523 1835 Α
539 1768 631 1860 (234)
647 1775 757 1853 ὄμνυσι
772 1768 836 1835 κατ’
852 1771 925 1835 αὐτό
939 1771 1008 1832 A:
1312 1784 1348 1831 10

286 1873 470 1964 προπρηνές]
487 1879 531 1944 εἰς
546 1875 580 1940 τὸ
596 1876 768 1958 ἔμπροσθεν

191 1996 264 2045 220.
289 1976 427 2067 ζάκοτον]
444 1978 523 2045 πάνυ
537 1980 662 2063 ὀργίλον

191 2099 265 2158 242.
289 2083 309 2145 ά
325 2108 377 2163 μοι
392 2081 492 2165 ἐστίν]
507 2082 527 2146 δ
542 2087 580 2147 δι’
596 2086 648 2162 ἐμὲ
663 2080 764 2147 αιἰτοῖς
779 2083 865 2146 ἐστιν

192 2185 265 2262 246.
288 2183 436 2274 ἐύφρονα]
452 2186 506 2250 τὸν
521 2185 721 2266 εὐφραίνοντα

193 2276 266 2368 250.
288 2284 546 2375 Λαομεδοντιάδη]
571 2287 780 2368 Λαομέδοντος
795 2292 850 2353 παῖ
866 2291 1011 2370 Πρίαμος,
1026 2287 1138 2370 μητρὸς
1152 2290 1185 2352 δὲ
1201 2284 1295 2367 Ζευξ·
1314 2297 1350 2357 ¹5

149 2393 243 2470 ίππης
259 2412 318 2455 ree.
335 2393 365 2454 A
375 2408 401 2462 ÷

194 2496 267 2560 262.
286 2493 331 2584 οί]
349 2495 426 2580 αὐτῷ
557 2492 757 2584 περικαλλέα]
775 2499 819 2563 είς

194 2599 267 2682 263.
290 2601 332 2662 τὸ
348 2596 393 2686 δέ]
410 2600 493 2664 οὗτοι
508 2598 542 2663 δέ
671 2597 806 2686 Σκαιῶν]
824 2605 930 2665 πυλῶν

196 2701 270 2784 269.
293 2700 391 2791 οἶνον]
407 2709 460 2768 τὸν
477 2702 554 2787 (ἐξ)
572 2703 752 2785 ἀμφοτέρων
765 2710 826 2767 τῶν
840 2710 939 2784 μερῶν
955 2703 1173 2787 κεκερασμένου

196 2823 269 2888 272.
291 2805 482 2889 άπεκρέματο
497 2807 614 2893 ιἠῶρητο
632 2807 708 2890 (τὸ)
727 2817 747 2844 “
757 2805 874 2889 ἀωρτο”
1315 2815 1353 2855 ²0

196 2926 269 2995 273.
292 2909 403 2990 τάμνεν
425 2906 546 2998 τρίχας]
570 2917 631 2974 τῶν
653 2912 751 2992 ἀρνῶν
773 2910 842 2978 τοὺς
864 2910 1045 2992 κορυφαίους
1064 2911 1201 2992 μαλλοὺς
1222 2908 1299 2975 ἀπέ-

151 3039 258 3094 τεμνεν

198 3117 270 3199 278.
293 3112 457 3204 καμόντος]
474 3115 542 3184 τοὺς
556 3114 796 3196 τελευτήσαντας

197 3238 271 3304 292.
295 3216 483 3307 στομάχους]
503 3218 661 3303 φάρυγγος
675 3220 811 3302 λοιμούς,
827 3222 894 3286 ἐπεὶ
910 3219 1100 3300 συνέζευκται
1116 3224 1133 3286 ἀ
1148 3222 1302 3305 στόμαχος

152 3326 193 3411 τῷ
205 3325 303 3408 λαιμῷ
1318 3331 1354 3391 ²5

294 3423 393 3514 νηλέι]
408 3424 519 3504 α’νηλεῖ
691 3444 767 3510 300.
791 3422 863 3515 σφ’]
881 3427 977 3492 αὐτῶν
992 3426 1057 3498 B÷

199 3549 273 3615 301.
296 3526 421 3619 ἀλοχοι]
438 3530 535 3595 αὐτῶν
550 3531 846 3613 αίχμαλωτισθεῖσαι
977 3527 1116 3621 δαμεῖεν]
1133 3530 1302 3614 “μιγεῖεν”

198 3623 272 3719 325.
296 3629 427 3722 Πάριος]
445 3630 593 3698 Ἰωνικῶς·
615 3632 702 3712 ἡμεῖς
717 3636 750 3697 δὲ
766 3631 899 3715 Πάριδος

198 3756 273 3824 331.
296 3732 504 3823 έπισφυρίοις]
520 3741 584 3802 τοῖς
599 3742 659 3801 τῶν
674 3742 800 3818 σφυρῶν
815 3736 1008 3818 καλύμμασιν

197 3859 272 3927 333.
295 3836 357 3928 oto]
375 3842 465 3903 αὑτοῦ
1318 3859 1358 3917 30

199 3956 272 4029 335.
296 3940 404 4031 σάκος]
422 3945 469 4008 ὅτι
489 3945 571 4025 παρὰ
591 3943 720 4026 πρῶτοις
736 3941 848 4010 Σάκαις
867 3945 996 4026 εὕρηται·
1020 3944 1116 4009 Σάκαι
1131 3945 1198 4010 ἐστὶ
1211 3943 1303 4027 μέρος

155 4046 280 4133 Θρᾴκης

199 4169 275 4236 337.
299 4147 456 4238 ἵππουριν]
476 4148 511 4230 ἐξ
530 4151 658 4215 ἱππείων
676 4155 788 4234 τριχῶν
809 4156 862 4216 τὸν
876 4151 978 4232 λόφον
993 4151 1127 4234 ἔχουσιν.
1157 4153 1256 4233 λόφος
1271 4149 1305 4216 δέ

156 4256 224 4320 έστι
238 4261 273 4318 τὸ
288 4257 341 4333 τῆς
356 4254 594 4336 περικεφαλαίας
608 4253 769 4333 ἀνάστημα

199 4377 275 4442 347.
298 4354 426 4422 παντόσ’
443 4352 544 4444 ἐίσην]
563 4358 724 4438 κυκλοτερῆ
855 4369 929 4442 351.
953 4353 1037 4446 δμε]
1054 4359 1088 4425 ός
1101 4383 1140 4439 με
1321 4376 1359 4438 35

201 4474 274 4547 354.
298 4463 315 4524 ὅ
331 4456 396 4547 κεν]
410 4462 443 4527 ὅς
459 4487 510 4525 κεν
640 4472 714 4545 359.
736 4457 891 4548 λαπάρην]
907 4463 1025 4543 λαγόνα

201 4567 274 4649 360.
299 4560 437 4651 ἐκλίνθη]
455 4563 589 4629 ἐνέκλινε
606 4563 641 4627 τδ
656 4565 787 4646 πλευρόν

200 4671 275 4752 362.
298 4663 521 4754 ἀνασχόμενος]
536 4666 694 4734 α’νατείνας

299 4770 426 4852 “φάλον’
439 4769 474 4834 τδ
487 4773 727 4850 προμετωπίδιον
736 4770 896 4852 ἀνάστημα
907 4774 961 4851 τῆς
972 4771 1221 4853 περικεφαλαίας·
1238 4772 1307 4838 έστι

191 4921 291 4990 μένφ
302 4922 451 4990 mpsim
464 4925 503 4974 D:
521 4922 593 4974 ένοῐς
621 4929 632 4984 ΙΙ
663 4938 702 4975 12.
719 4925 751 4974 nd
765 4923 921 5037 οηὸτάμοι3
935 4922 1065 4975 νίαιτινάι
1075 4924 1196 4991 ιοτὶριαιο
1221 4928 1233 4987 η
1268 4942 1307 4996 ιη.

157 4991 258 5057 λοιμοὺς
270 4993 311 5042 D:
330 4989 356 5038 -ἀ
368 4996 378 5050 ΙΙ
393 4988 545 5052 συνέζευκται
557 4991 599 5041 D:
617 5008 642 5039 ·o
654 4996 665 5050 ll
678 5004 717 5053 31.
730 4989 825 5053 εὕρηται
838 4991 878 5042 D:
892 5006 984 5054 ιρηται
