2984 5474
191 677 256 739 498
607 679 776 739 1111on
800 681 833 739 B.
856 675 922 763 (ν)

237 858 309 929 175.
340 851 460 925 κληῗδες
492 848 525 910 αί
563 846 704 928 καθέδραι
734 848 815 928 παρδ
844 853 880 910 τδ
911 849 1024 929 ἐγκλῖιν
1053 844 1103 910 καὶ
1132 843 1283 926 κάμπτειν
1308 844 1345 909 τδ

191 949 315 1032 γόνατα,
330 948 396 1027 ήτοι
412 953 492 1031 παρὰ
507 950 563 1030 τὴν
578 949 691 1015 κλάσιν
705 955 764 1013 τῶν
778 948 917 1033 γονάτων

239 1051 310 1138 183.
330 1049 530 1142 άπὸ-βάλε]
554 1053 727 1118 άπεδύσατο

332 1160 382 1221 διδ
404 1157 438 1221 τδ
460 1157 501 1239 μή
525 1158 740 1237 ἐμποδίζεσθαι
760 1156 851 1224 αὐτὸν
873 1155 1042 1221 σπεύδοντα
1062 1155 1121 1220 ύπδ
1140 1159 1193 1219 τοῦ
1208 1152 1347 1233 πλήθους

161 1273 178 1334 5
192 1264 252 1324 τῶν
268 1261 392 1340 ἱματίων
407 1261 477 1322 A:

332 1362 513 1453 ἐκόμισσεν]
532 1368 649 1446 ἔλαβεν
1128 1445 1132 1455 .

238 1485 310 1551 190.
333 1465 483 1558 δαιμόνιε]
496 1469 515 1548 ή
526 1467 612 1549 λέξις
623 1474 683 1534 τῶν
696 1467 800 1548 μέσων
812 1470 890 1546 ἐστί,
902 1469 975 1533 ποτέ
989 1471 1045 1549 μὲν
1055 1469 1105 1533 ἐπὶ
1121 1468 1237 1551 ἐποίνιρ
1252 1473 1344 1546 λεγο-

191 1568 275 1649 μένη,
292 1571 359 1636 οίον
378 1575 442 1636 θεῖε
459 1571 586 1655 μακάριε
606 1572 740 1655 μέγιστε,
757 1574 806 1637 6τέ
827 1572 877 1637 καὶ
899 1571 951 1637 ἐπὶ
968 1574 1070 1658 ψόγῳ,
1091 1574 1158 1636 οἶον
1174 1571 1272 1653 άφιλε
1296 1570 1345 1634 καὶ

192 1672 300 1755 μάταιε
316 1674 364 1739 καὶ
378 1676 514 1757 χείριοτε
531 1674 580 1740 καὶ
595 1681 696 1758 φαῦλε
711 1675 743 1738 Α
753 1692 780 1747 ÷

143 1794 180 1835 10
240 1798 310 1861 199.
334 1777 523 1866 ἐλάσασκεν]
541 1779 690 1866 ἔπληττεν
704 1779 773 1842 A:
889 1775 1120 1867 ὀμοκλήσοσκε]
1138 1777 1259 1858 ἠπείλει
1270 1776 1337 1847 Λί-

237 1900 310 1948 211.
333 1878 489 1969 ἐρήτυθεν]
508 1881 659 1966 κατέσχον
790 1901 863 1950 212.
886 1879 1020 1970 ἐκολῴα]
1038 1883 1179 1965 ἐθορύβει
1194 1880 1264 1943 A:

236 2002 307 2062 214
333 1980 408 2072 [ἀπὸ
423 1990 525 2050 κοινοῦ
539 1985 589 2075 τδ]
606 1995 623 2023 “
633 1986 699 2072 ᾔδει
709 1983 726 2010 ”
860 1998 933 2068 215.
956 1988 988 2051 οἵ
1002 1981 1133 2072 εἴσαιτο]
1151 1986 1319 2067 ἐγίνωσκεν

237 2089 310 2152 216.
332 2085 472 2176 ἔμμεναι]
491 2092 588 2155 ἐδόκει
720 2108 793 2171 219.
815 2086 932 2177 ψαξός]
950 2087 1139 2171 άξυκέφαλος
1153 2087 1224 2150 A:

333 2189 448 2280 ψεδυή]
467 2194 557 2274 ἀραιὰ
571 2192 690 2275 μαδορά
705 2192 773 2255 A:

143 2312 178 2370 15
331 2295 412 2377 παρὰ
439 2295 474 2360 τδ
495 2302 547 2378 ψῶ
570 2298 587 2359 ὁ
609 2295 733 2377 μέλλων
754 2296 849 2379 ψήσω
873 2299 968 2375 ὄνομα
988 2300 1172 2374 σημαντικὸν
1191 2295 1307 2376 ψεδνύς
1330 2296 1348 2357 ό

190 2398 332 2480 μοδαράς·
356 2400 373 2461 ά
393 2403 426 2463 δέ
444 2397 632 2481 Ἡρωδιανὸς
652 2403 734 2483 παρὰ
755 2401 791 2465 τὸ
809 2407 862 2483 ψῶ
879 2401 914 2465 τδ
929 2403 972 2470 εἰς
989 2397 1156 2482 ἐλάχιστον
1174 2400 1225 2462 καὶ
1238 2397 1347 2480 μικρὸν

191 2503 225 2566 ἐκ
240 2526 320 2568 τινος
336 2502 442 2569 οὐσίας
458 2502 680 2584 καθιστάμενον

236 2607 309 2671 226.
335 2603 400 2692 [διδ
415 2605 461 2694 τί]
479 2608 539 2671 ἀπὸ
553 2614 613 2673 τῶν
624 2604 758 2696 [ἄλλων]
776 2612 829 2672 τοΰ
842 2611 960 2692 χαλκοῦ
976 2605 1134 2687 ἐμνήσθης
1158 2606 1236 2671 διότι
1246 2606 1347 2686 τίμιον

192 2708 229 2789 ἦν
243 2715 306 2777 τοῖς
323 2711 462 2794 άρχοίοις

141 2831 179 2871 ²0
237 2831 310 2898 230.
337 2811 460 2900 <υῐος>]
484 2813 545 2878 οἷπδ
565 2819 618 2878 τοῦ
640 2816 698 2883 υίις
720 2814 739 2894 ἡ
762 2815 866 2898 γενικὴ
890 2816 966 2882 υίιος
984 2813 1024 2881 ὡς
1047 2816 1146 2895 ὄφιος,
1167 2814 1218 2878 καὶ
1239 2837 1346 2882 συναι-4

189 2915 272 2997 ρέσει
288 2921 340 2980 τοῦ
354 2928 372 2980 ῦ
388 2918 439 2982 καὶ
453 2918 466 2983 ἶ
481 2917 592 2985 “utos'’

330 3017 409 3107 υἷος]
427 3019 500 3103 ύπέρ
632 3040 705 3108 234.
730 3016 953 3109 ἐπιβασκέμεν]
971 3021 1144 3101 ἐπιβαίνειν
1159 3025 1260 3086 ποιεῖν

235 3136 308 3209 235.
334 3121 526 3210 (πέπονες>]
547 3127 579 3189 ἐκ
605 3129 778 3207 μεταφορᾶς
798 3130 859 3190 τῶν
880 3125 1031 3197 πεπόνων,
1054 3124 1074 3188 δ
1097 3125 1132 3210 τῇ
1157 3126 1215 3202 μὲν
1239 3123 1348 3206 γεύσει

190 3225 275 3293 ἐστὶν
285 3225 368 3306 ἡδέα,
379 3229 414 3312 τῇ
427 3229 460 3291 δὲ
472 3226 549 3307 θίξει
562 3229 611 3291 καὶ
623 3229 659 3313 τῇ
671 3231 734 3309 ἁφή
749 3230 873 3308 μαλακδ
885 3229 934 3293 καὶ
946 3227 1095 3292 εύένδοτα.
1120 3224 1139 3306 ἢ
1156 3231 1174 3264 “
1183 3226 1318 3294 πέπονες
1328 3223 1347 3253 ”

139 3344 176 3404 25
190 3328 284 3412 ἤγουν
306 3330 491 3412 ταλαίπωροι
514 3329 562 3395 καὶ
584 3329 681 3411 μάτην
696 3336 857 3398 πονοῦντες
873 3331 964 3407 άίδια,
980 3332 1013 3395 ἐκ
1028 3336 1081 3396 τοῦ
1096 3336 1188 3410 πονῶ,
1204 3332 1255 3395 καὶ
1271 3332 1347 3394 κατδ

191 3434 477 3512 ἆναδιπλασιασμδν
490 3437 543 3512 τῆς
558 3438 598 3499 ἦ
614 3439 775 3514 συλλαβῆς

329 3533 476 3622 ἐλέγχεα]
494 3537 630 3619 ἀντικρὺς
644 3538 745 3617 ὀνείδη

333 3635 549 3728 (πεσσέμεν)]
570 3640 589 3719 ἡ
605 3644 763 3723 μεταφορὰ
778 3640 837 3706 ἀπὸ
855 3647 916 3706 τῶν
931 3642 1014 3727 ἐντῇ
1034 3640 1145 3724 γαστρὶ
1166 3640 1271 3705 σίτων·
1295 3638 1347 3705 καὶ

189 3745 248 3826 γδρ
274 3741 357 3822 αὐτά,
378 3742 416 3807 ἂν
440 3743 482 3825 μή
509 3746 640 3830 κρατηθῇ
666 3744 719 3808 τὸν
745 3744 914 3826 ὡρισμένον
940 3745 1060 3827 χρόνον,
1082 3745 1274 3825 ἀσθενούσης
1290 3747 1346 3825 τῆς

139 3865 178 3924 3ο
192 3850 366 3926 καθεκτικῆς
381 3845 533 3921 δυνάμεως
548 3848 583 3911 οὐ
599 3851 743 3912 πέπτεται

236 3947 309 4033 238.
333 3945 418 4036 ήρα]
436 3950 494 4031 ἆρα

235 4070 309 4130 241.
330 4049 486 4140 μεθήμων]
503 4051 607 4135 πραΰς,
623 4056 782 4134 ἐνδόσιμος
796 4055 838 4135 μὴ
853 4054 894 4140 τῷ
911 4055 993 4140 θυμῷ
1009 4054 1092 4118 ἀλλὰ
1107 4054 1220 4136 ἄθυμος

236 4173 306 4232 242.
325 4152 479 4242 Ἀτρείδη]
497 4153 520 4231 ὦ

235 4259 277 4323 26
278 4273 308 4341 5.
331 4256 534 4347 μετάφρενον]
552 4259 604 4324 τδν
617 4259 732 4340 μεταξὺ
746 4266 806 4325 τῶυ
821 4262 909 4342 ὤμων
921 4262 1017 4326 τόπου

138 4397 176 4457 35
236 4361 307 4428 266.
331 4360 503 4459 (ίδνάθη]]
539 4363 728 4461 ἐπεκάμφθη,
762 4367 844 4446 παρὰ
874 4370 909 4428 τδ
938 4366 1000 4443 ίζω·
1041 4367 1090 4431 καὶ
1123 4366 1241 4449 γίνεται
1273 4368 1345 4431 tanc·

190 4464 352 4549 τραπέντος
382 4471 434 4528 τοῦ
462 4466 482 4543 ζ
503 4468 546 4533 είς
574 4473 591 4531 δ
619 4472 762 4549 Δωρικῶς
786 4468 836 4533 καὶ
860 4469 1044 4554 πλεονασμῷ
1066 4472 1119 4533 τοῦ
1133 4470 1160 4533 fi.
1205 4473 1241 4532 τδ
1272 4471 1345 4534 ίδνῶ

189 4573 343 4652 ψιλοῦται,
359 4574 393 4632 τὸ
415 4569 467 4646 ἵζω
491 4569 650 4634 δασύνεται

234 4672 307 4753 267.
333 4668 510 4760 <σμῶδιξ>]
534 4676 616 4754 παρὰ
637 4673 671 4736 τδ
694 4671 823 4754 σμῶξαι*
845 4676 922 4738 οὕτω
945 4677 978 4739 δέ
1001 4675 1109 4757 ἐλεγον
1132 4676 1162 4738 οί
1181 4672 1286 4742 Ἴωνες
1309 4674 1345 4739 τὸ

190 4773 322 4854 πατάξαι
338 4774 402 4845 B†

226 4899 263 4952 17.
280 4889 386 4938 καθιστῶ
404 4891 444 4939 Et.
458 4891 495 4940 M.
515 4896 525 4951 ΙΙ
546 4892 585 4940 18.
604 4892 720 4957 supplevi
731 4893 795 4941 exL
813 4899 823 4953 ΙΙ
844 4907 882 4941 20.
894 4891 966 4954 υίιςή
982 4893 1085 4958 scripsi:
1103 4891 1138 4943 δίς
1149 4891 1188 4941 κατ’
1206 4897 1216 4953 ΙΙ
1237 4905 1275 4956 25.
1288 4891 1346 4941 dm·

189 4954 240 5019 legi
258 4960 269 5013 ΙΙ
288 4955 336 5002 τῶν
348 4954 426 5002 τόνων
437 4956 487 5020 logi
505 4962 515 5017 ΙΙ
535 4971 574 5020 30.
592 4956 707 5007 πέπτεται
719 4959 784 5008 AD:
803 4957 914 5008 πέττεται
935 4964 944 5019 ΙΙ
964 4971 1004 5024 37.
1022 4958 1051 5008 τὸ
1062 4958 1104 5021 ἷζον
1115 4961 1137 5010 δ.
1150 4960 1168 5009 l.
1184 4971 1214 5022 35
1229 4963 1288 5023 pout
1301 4956 1346 5020 [ξω

189 5021 326 5085 scriptum:
344 5021 440 5071 traiecit
452 5021 485 5069 W
