<?xml version="1.0" encoding="UTF-8"?>
<!DOCTYPE html PUBLIC "-//W3C//DTD XHTML 1.0 Transitional//EN"
    "http://www.w3.org/TR/xhtml1/DTD/xhtml1-transitional.dtd">
<html xmlns="http://www.w3.org/1999/xhtml" xml:lang="en" lang="en">
 <head>
  <title>
</title>
<meta http-equiv="Content-Type" content="text/html;charset=utf-8" />
  <meta name='ocr-system' content='tesseract 3.04.00' />
  <meta name='ocr-capabilities' content='ocr_page ocr_carea ocr_par ocr_line ocrx_word'/>
</head>
<body>
  <div class='ocr_page' id='page_1' title='image "./scholiagraecain02dindgoog_0563.png"; bbox 0 0 2984 5474; ppageno 0'>
   <div class='ocr_carea' id='block_1_1' title="bbox 191 625 925 714">
    <p class='ocr_par' dir='ltr' id='par_1_1' title="bbox 191 625 925 714">
     <span class='ocr_line' id='line_1_1' title="bbox 191 625 925 714; baseline 0.001 -25"><span class='ocrx_word' id='word_1_1' title='bbox 191 629 256 690; x_wconf 72' lang='grc' dir='ltr'>ιιι</span> <span class='ocrx_word' id='word_1_2' title='bbox 605 631 776 697; x_wconf 70' lang='grc' dir='ltr'>ικικιον</span> <span class='ocrx_word' id='word_1_3' title='bbox 799 632 836 691; x_wconf 76' lang='grc' dir='ltr'>τ..</span> <span class='ocrx_word' id='word_1_4' title='bbox 858 625 925 714; x_wconf 83' lang='lat'>(5)</span> 
     </span>
    </p>
   </div>
   <div class='ocr_carea' id='block_1_2' title="bbox 138 794 1347 4203">
    <p class='ocr_par' dir='ltr' id='par_1_2' title="bbox 234 794 1333 888">
     <span class='ocr_line' id='line_1_2' title="bbox 234 794 1333 888; baseline 0 -27"><span class='ocrx_word' id='word_1_5' title='bbox 234 800 309 863; x_wconf 90' lang='grc'><strong>666.</strong></span> <span class='ocrx_word' id='word_1_6' title='bbox 326 795 468 888; x_wconf 88' lang='grc' dir='ltr'>ἐπιβαίη]</span> <span class='ocrx_word' id='word_1_7' title='bbox 485 799 675 888; x_wconf 74' lang='grc' dir='ltr'>περιπατήσῃ</span> <span class='ocrx_word' id='word_1_8' title='bbox 800 801 872 881; x_wconf 93' lang='grc'><strong>672.</strong></span> <span class='ocrx_word' id='word_1_9' title='bbox 889 799 964 865; x_wconf 83' lang='grc' dir='ltr'>Διὸς</span> <span class='ocrx_word' id='word_1_10' title='bbox 978 794 1059 886; x_wconf 84' lang='grc' dir='ltr'>υίόν]</span> <span class='ocrx_word' id='word_1_11' title='bbox 1076 797 1129 864; x_wconf 84' lang='grc' dir='ltr'>τὸν</span> <span class='ocrx_word' id='word_1_12' title='bbox 1145 796 1333 880; x_wconf 78' lang='grc' dir='ltr'>Σαρπηδόνα</span> 
     </span>
    </p>

    <p class='ocr_par' dir='ltr' id='par_1_3' title="bbox 235 900 932 986">
     <span class='ocr_line' id='line_1_3' title="bbox 235 900 932 986; baseline 0.01 -24"><span class='ocrx_word' id='word_1_13' title='bbox 235 900 309 982; x_wconf 93' lang='grc'><strong>676.</strong></span> <span class='ocrx_word' id='word_1_14' title='bbox 332 902 374 986; x_wconf 77' lang='grc' dir='ltr'>τῷ</span> <span class='ocrx_word' id='word_1_15' title='bbox 388 903 441 985; x_wconf 89' lang='grc' dir='ltr'>ῥα]</span> <span class='ocrx_word' id='word_1_16' title='bbox 458 907 504 966; x_wconf 87' lang='grc' dir='ltr'>διὸ</span> <span class='ocrx_word' id='word_1_17' title='bbox 520 901 556 982; x_wconf 79' lang='grc' dir='ltr'>δή</span> <span class='ocrx_word' id='word_1_18' title='bbox 572 925 631 967; x_wconf 80' lang='lat' dir='ltr'>ree.</span> <span class='ocrx_word' id='word_1_19' title='bbox 929 926 932 930; x_wconf 87' lang='grc'>’</span> 
     </span>
    </p>

    <p class='ocr_par' dir='ltr' id='par_1_4' title="bbox 236 1003 808 1093">
     <span class='ocr_line' id='line_1_4' title="bbox 236 1003 808 1093; baseline 0.003 -25"><span class='ocrx_word' id='word_1_20' title='bbox 236 1005 309 1089; x_wconf 87' lang='grc'><strong>683.</strong></span> <span class='ocrx_word' id='word_1_21' title='bbox 332 1003 519 1093; x_wconf 88' lang='grc' dir='ltr'>όλοφυδνόυ]</span> <span class='ocrx_word' id='word_1_22' title='bbox 536 1008 655 1089; x_wconf 87' lang='grc' dir='ltr'>οίκτρόυ</span> <span class='ocrx_word' id='word_1_23' title='bbox 670 1027 730 1070; x_wconf 76' lang='lat' dir='ltr'>rec.</span> <span class='ocrx_word' id='word_1_24' title='bbox 748 1012 808 1080; x_wconf 57' lang='grc' dir='ltr'>Β]-</span> 
     </span>
    </p>

    <p class='ocr_par' dir='ltr' id='par_1_5' title="bbox 236 1106 1347 1198">
     <span class='ocr_line' id='line_1_5' title="bbox 236 1106 1347 1198; baseline 0.001 -26"><span class='ocrx_word' id='word_1_25' title='bbox 236 1109 309 1193; x_wconf 87' lang='lat'><strong>698.</strong></span> <span class='ocrx_word' id='word_1_26' title='bbox 335 1106 569 1198; x_wconf 87' lang='grc' dir='ltr'>&lt;κεκαφηότα&gt;]</span> <span class='ocrx_word' id='word_1_27' title='bbox 594 1111 688 1177; x_wconf 95' lang='grc' dir='ltr'>κάπος</span> <span class='ocrx_word' id='word_1_28' title='bbox 709 1111 745 1175; x_wconf 82' lang='grc' dir='ltr'>τό</span> <span class='ocrx_word' id='word_1_29' title='bbox 767 1114 893 1190; x_wconf 90' lang='grc' dir='ltr'>πνεῦμα·</span> <span class='ocrx_word' id='word_1_30' title='bbox 921 1112 1008 1175; x_wconf 88' lang='grc' dir='ltr'>ἐνθεν</span> <span class='ocrx_word' id='word_1_31' title='bbox 1032 1109 1083 1174; x_wconf 81' lang='grc' dir='ltr'>καί</span> <span class='ocrx_word' id='word_1_32' title='bbox 1105 1113 1201 1188; x_wconf 94' lang='grc' dir='ltr'>κῆπος</span> <span class='ocrx_word' id='word_1_33' title='bbox 1225 1110 1347 1190; x_wconf 89' lang='grc' dir='ltr'>όπερι-</span> 
     </span>
    </p>

    <p class='ocr_par' dir='ltr' id='par_1_6' title="bbox 159 1214 755 1299">
     <span class='ocr_line' id='line_1_6' title="bbox 159 1214 755 1299; baseline 0.01 -21"><span class='ocrx_word' id='word_1_34' title='bbox 159 1226 177 1286; x_wconf 85' lang='grc'>5</span> <span class='ocrx_word' id='word_1_35' title='bbox 193 1216 356 1292; x_wconf 90' lang='grc' dir='ltr'>τνεάμενος</span> <span class='ocrx_word' id='word_1_36' title='bbox 371 1214 521 1279; x_wconf 77' lang='grc' dir='ltr'>πάντοθεν</span> <span class='ocrx_word' id='word_1_37' title='bbox 538 1216 674 1299; x_wconf 89' lang='grc' dir='ltr'>&lt;τόπος&gt;</span> <span class='ocrx_word' id='word_1_38' title='bbox 694 1220 755 1284; x_wconf 82' lang='lat' dir='ltr'>A÷</span> 
     </span>
    </p>

    <p class='ocr_par' dir='ltr' id='par_1_7' title="bbox 235 1314 1076 1405">
     <span class='ocr_line' id='line_1_7' title="bbox 235 1314 1076 1405; baseline 0.002 -26"><span class='ocrx_word' id='word_1_39' title='bbox 235 1331 308 1398; x_wconf 91' lang='lat'>701.</span> <span class='ocrx_word' id='word_1_40' title='bbox 335 1314 460 1405; x_wconf 87' lang='grc' dir='ltr'>&lt;αίέυ&gt;]</span> <span class='ocrx_word' id='word_1_41' title='bbox 477 1321 529 1382; x_wconf 83' lang='grc' dir='ltr'>διδ</span> <span class='ocrx_word' id='word_1_42' title='bbox 543 1318 654 1385; x_wconf 86' lang='grc' dir='ltr'>παντὸς</span> <span class='ocrx_word' id='word_1_43' title='bbox 670 1316 719 1382; x_wconf 81' lang='grc' dir='ltr'>καῖ</span> <span class='ocrx_word' id='word_1_44' title='bbox 734 1319 800 1383; x_wconf 90' lang='grc' dir='ltr'>οίον</span> <span class='ocrx_word' id='word_1_45' title='bbox 816 1320 877 1381; x_wconf 63' lang='grc' dir='ltr'>κατ’</span> <span class='ocrx_word' id='word_1_46' title='bbox 893 1318 1001 1399; x_wconf 79' lang='grc' dir='ltr'>ὀλίγον</span> <span class='ocrx_word' id='word_1_47' title='bbox 1016 1336 1076 1381; x_wconf 81' lang='grc' dir='ltr'>τοο.</span> 
     </span>
    </p>

    <p class='ocr_par' dir='ltr' id='par_1_8' title="bbox 236 1417 839 1508">
     <span class='ocr_line' id='line_1_8' title="bbox 236 1417 839 1508; baseline 0.002 -26"><span class='ocrx_word' id='word_1_48' title='bbox 236 1419 307 1501; x_wconf 90' lang='lat'>708.</span> <span class='ocrx_word' id='word_1_49' title='bbox 325 1417 423 1508; x_wconf 75' lang='grc' dir='ltr'>Ὕλῃ]</span> <span class='ocrx_word' id='word_1_50' title='bbox 441 1423 532 1488; x_wconf 91' lang='grc' dir='ltr'>πόλις</span> <span class='ocrx_word' id='word_1_51' title='bbox 546 1425 599 1500; x_wconf 88' lang='grc' dir='ltr'>τῆς</span> <span class='ocrx_word' id='word_1_52' title='bbox 615 1423 759 1489; x_wconf 76' lang='grc' dir='ltr'>Βοιωτίας</span> <span class='ocrx_word' id='word_1_53' title='bbox 775 1427 839 1493; x_wconf 81' lang='lat' dir='ltr'>A÷</span> 
     </span>
    </p>

    <p class='ocr_par' dir='ltr' id='par_1_9' title="bbox 235 1520 831 1612">
     <span class='ocr_line' id='line_1_9' title="bbox 235 1520 831 1612; baseline 0.012 -26"><span class='ocrx_word' id='word_1_54' title='bbox 235 1537 308 1607; x_wconf 90' lang='lat'>709.</span> <span class='ocrx_word' id='word_1_55' title='bbox 332 1520 521 1612; x_wconf 87' lang='grc' dir='ltr'>κεκλιμένος]</span> <span class='ocrx_word' id='word_1_56' title='bbox 538 1527 755 1606; x_wconf 85' lang='grc' dir='ltr'>παρακείμενος</span> <span class='ocrx_word' id='word_1_57' title='bbox 770 1529 831 1593; x_wconf 73' lang='grc' dir='ltr'>Βί-</span> 
     </span>
    </p>

    <p class='ocr_par' dir='ltr' id='par_1_10' title="bbox 236 1622 749 1715">
     <span class='ocr_line' id='line_1_10' title="bbox 236 1622 749 1715; baseline 0.004 -24"><span class='ocrx_word' id='word_1_58' title='bbox 236 1639 309 1708; x_wconf 85' lang='grc'><strong>715.</strong></span> <span class='ocrx_word' id='word_1_59' title='bbox 334 1622 519 1715; x_wconf 79' lang='grc' dir='ltr'>ὑπέστημεν]</span> <span class='ocrx_word' id='word_1_60' title='bbox 534 1627 749 1712; x_wconf 86' lang='grc' dir='ltr'>ῦπεσχέθημεν</span> 
     </span>
    </p>

    <p class='ocr_par' dir='ltr' id='par_1_11' title="bbox 141 1726 1216 1818">
     <span class='ocr_line' id='line_1_11' title="bbox 141 1726 1216 1818; baseline -0.002 -22"><span class='ocrx_word' id='word_1_61' title='bbox 141 1729 178 1787; x_wconf 74' lang='lat'>10</span> <span class='ocrx_word' id='word_1_62' title='bbox 236 1745 306 1813; x_wconf 82' lang='lat'>722.</span> <span class='ocrx_word' id='word_1_63' title='bbox 330 1726 485 1818; x_wconf 77' lang='grc' dir='ltr'>καμπύλα]</span> <span class='ocrx_word' id='word_1_64' title='bbox 502 1731 571 1798; x_wconf 81' lang='grc' dir='ltr'>τοὺς</span> <span class='ocrx_word' id='word_1_65' title='bbox 586 1731 746 1811; x_wconf 77' lang='grc' dir='ltr'>εὐκαμπεῖς</span> <span class='ocrx_word' id='word_1_66' title='bbox 876 1726 987 1818; x_wconf 89' lang='grc' dir='ltr'>κύκλα]</span> <span class='ocrx_word' id='word_1_67' title='bbox 1004 1732 1133 1814; x_wconf 86' lang='grc' dir='ltr'>τροχούς</span> <span class='ocrx_word' id='word_1_68' title='bbox 1149 1735 1216 1794; x_wconf 81' lang='lat' dir='ltr'>A:</span> 
     </span>
    </p>

    <p class='ocr_par' dir='ltr' id='par_1_12' title="bbox 191 1831 1347 2125">
     <span class='ocr_line' id='line_1_12' title="bbox 236 1831 1347 1921; baseline 0 -24"><span class='ocrx_word' id='word_1_69' title='bbox 236 1848 307 1918; x_wconf 85' lang='lat'>723.</span> <span class='ocrx_word' id='word_1_70' title='bbox 334 1831 564 1921; x_wconf 89' lang='grc' dir='ltr'>&lt;άκτάκνημα&gt;]</span> <span class='ocrx_word' id='word_1_71' title='bbox 589 1835 777 1915; x_wconf 84' lang='grc' dir='ltr'>όκτόραβδα,</span> <span class='ocrx_word' id='word_1_72' title='bbox 793 1834 869 1897; x_wconf 81' lang='grc' dir='ltr'>όκτῶ</span> <span class='ocrx_word' id='word_1_73' title='bbox 893 1833 1006 1915; x_wconf 83' lang='grc' dir='ltr'>κνῆμας</span> <span class='ocrx_word' id='word_1_74' title='bbox 1030 1834 1151 1918; x_wconf 90' lang='grc' dir='ltr'>έχοντα.</span> <span class='ocrx_word' id='word_1_75' title='bbox 1184 1835 1211 1918; x_wconf 92' lang='grc'><strong>6.</strong></span> <span class='ocrx_word' id='word_1_76' title='bbox 1236 1835 1347 1916; x_wconf 90' lang='grc' dir='ltr'>κνῆμαι</span> 
     </span>
     <span class='ocr_line' id='line_1_13' title="bbox 191 1936 1346 2023; baseline -0.001 -21"><span class='ocrx_word' id='word_1_77' title='bbox 191 1936 225 2002; x_wconf 89' lang='grc' dir='ltr'>δέ</span> <span class='ocrx_word' id='word_1_78' title='bbox 243 1941 324 2003; x_wconf 89' lang='grc' dir='ltr'>είσιν</span> <span class='ocrx_word' id='word_1_79' title='bbox 344 1940 375 2001; x_wconf 87' lang='grc' dir='ltr'>αί</span> <span class='ocrx_word' id='word_1_80' title='bbox 399 1941 473 2001; x_wconf 79' lang='grc' dir='ltr'>κατὰ</span> <span class='ocrx_word' id='word_1_81' title='bbox 490 1944 550 2004; x_wconf 89' lang='grc' dir='ltr'>τῶν</span> <span class='ocrx_word' id='word_1_82' title='bbox 567 1944 686 2022; x_wconf 78' lang='grc' dir='ltr'>τροχῶν</span> <span class='ocrx_word' id='word_1_83' title='bbox 705 1936 815 2020; x_wconf 79' lang='grc' dir='ltr'>ῥάβδοι</span> <span class='ocrx_word' id='word_1_84' title='bbox 838 1936 1066 2021; x_wconf 88' lang='grc' dir='ltr'>ἐμπεπηγμέναι</span> <span class='ocrx_word' id='word_1_85' title='bbox 1088 1943 1164 2018; x_wconf 84' lang='grc' dir='ltr'>πρὸς</span> <span class='ocrx_word' id='word_1_86' title='bbox 1185 1939 1223 2023; x_wconf 78' lang='grc' dir='ltr'>τῇ</span> <span class='ocrx_word' id='word_1_87' title='bbox 1246 1962 1346 2019; x_wconf 88' lang='grc' dir='ltr'>χοινι-</span> 
     </span>
     <span class='ocr_line' id='line_1_14' title="bbox 192 2042 402 2125; baseline -0.01 -20"><span class='ocrx_word' id='word_1_88' title='bbox 192 2042 402 2125; x_wconf 84' lang='grc' dir='ltr'>κ&lt;ίδ&gt;ιΑΒ--·</span> 
     </span>
    </p>

    <p class='ocr_par' dir='ltr' id='par_1_13' title="bbox 138 2143 1347 3888">
     <span class='ocr_line' id='line_1_15' title="bbox 333 2143 1345 2227; baseline 0 -20"><span class='ocrx_word' id='word_1_89' title='bbox 333 2147 371 2207; x_wconf 84' lang='grc' dir='ltr'>τὰ</span> <span class='ocrx_word' id='word_1_90' title='bbox 393 2143 493 2208; x_wconf 91' lang='grc' dir='ltr'>ἐπάνω</span> <span class='ocrx_word' id='word_1_91' title='bbox 517 2151 577 2210; x_wconf 88' lang='grc' dir='ltr'>τῶν</span> <span class='ocrx_word' id='word_1_92' title='bbox 598 2151 716 2227; x_wconf 84' lang='grc' dir='ltr'>τροχῶν</span> <span class='ocrx_word' id='word_1_93' title='bbox 735 2145 890 2226; x_wconf 80' lang='grc' dir='ltr'>σιδηρᾶ,ά</span> <span class='ocrx_word' id='word_1_94' title='bbox 913 2145 963 2209; x_wconf 85' lang='grc' dir='ltr'>καὶ</span> <span class='ocrx_word' id='word_1_95' title='bbox 986 2147 1093 2209; x_wconf 92' lang='grc' dir='ltr'>κανθοί</span> <span class='ocrx_word' id='word_1_96' title='bbox 1114 2148 1292 2220; x_wconf 86' lang='grc' dir='ltr'>καλοῦνται,</span> <span class='ocrx_word' id='word_1_97' title='bbox 1316 2145 1345 2208; x_wconf 93' lang='grc' dir='ltr'>οί</span> 
     </span>
     <span class='ocr_line' id='line_1_16' title="bbox 142 2245 1093 2333; baseline -0.008 -17"><span class='ocrx_word' id='word_1_98' title='bbox 142 2274 177 2333; x_wconf 84' lang='lat'>15</span> <span class='ocrx_word' id='word_1_99' title='bbox 192 2246 305 2328; x_wconf 78' lang='grc' dir='ltr'>ἔξωθεν</span> <span class='ocrx_word' id='word_1_100' title='bbox 320 2253 380 2313; x_wconf 92' lang='grc' dir='ltr'>τῶν</span> <span class='ocrx_word' id='word_1_101' title='bbox 394 2253 513 2331; x_wconf 82' lang='grc' dir='ltr'>τροχῶν</span> <span class='ocrx_word' id='word_1_102' title='bbox 528 2254 649 2329; x_wconf 87' lang='grc' dir='ltr'>σιδηροῖ</span> <span class='ocrx_word' id='word_1_103' title='bbox 662 2246 681 2327; x_wconf 86' lang='grc' dir='ltr'>ῆ</span> <span class='ocrx_word' id='word_1_104' title='bbox 696 2252 811 2332; x_wconf 90' lang='grc' dir='ltr'>χαλκοῖ</span> <span class='ocrx_word' id='word_1_105' title='bbox 825 2248 930 2312; x_wconf 90' lang='grc' dir='ltr'>κύκλοι</span> <span class='ocrx_word' id='word_1_106' title='bbox 945 2245 1014 2311; x_wconf 79' lang='lat' dir='ltr'>add.</span> <span class='ocrx_word' id='word_1_107' title='bbox 1031 2267 1093 2310; x_wconf 82' lang='lat' dir='ltr'>ree.</span> 
     </span>
     <span class='ocr_line' id='line_1_17' title="bbox 336 2347 1346 2435; baseline -0.002 -21"><span class='ocrx_word' id='word_1_108' title='bbox 336 2349 418 2430; x_wconf 84' lang='grc' dir='ltr'>άξων</span> <span class='ocrx_word' id='word_1_109' title='bbox 443 2349 510 2415; x_wconf 82' lang='grc' dir='ltr'>ἐστὶ</span> <span class='ocrx_word' id='word_1_110' title='bbox 535 2351 569 2415; x_wconf 83' lang='grc' dir='ltr'>τὸ</span> <span class='ocrx_word' id='word_1_111' title='bbox 597 2353 638 2418; x_wconf 86' lang='grc' dir='ltr'>είς</span> <span class='ocrx_word' id='word_1_112' title='bbox 664 2352 717 2418; x_wconf 84' lang='grc' dir='ltr'>τὰς</span> <span class='ocrx_word' id='word_1_113' title='bbox 741 2352 909 2435; x_wconf 87' lang='grc' dir='ltr'>χοινικίδος</span> <span class='ocrx_word' id='word_1_114' title='bbox 936 2350 1171 2431; x_wconf 77' lang='grc' dir='ltr'>ἐμβαλλόμενον</span> <span class='ocrx_word' id='word_1_115' title='bbox 1203 2347 1346 2430; x_wconf 87' lang='grc' dir='ltr'>ἐκατέρου</span> 
     </span>
     <span class='ocr_line' id='line_1_18' title="bbox 191 2460 409 2537; baseline 0.005 -21"><span class='ocrx_word' id='word_1_116' title='bbox 191 2460 302 2537; x_wconf 83' lang='grc' dir='ltr'>τροχοῦ</span> <span class='ocrx_word' id='word_1_117' title='bbox 318 2460 409 2517; x_wconf 86' lang='lat' dir='ltr'>AB:</span> 
     </span>
     <span class='ocr_line' id='line_1_19' title="bbox 235 2556 787 2648; baseline 0 -26"><span class='ocrx_word' id='word_1_118' title='bbox 235 2558 309 2638; x_wconf 85' lang='lat'>726.</span> <span class='ocrx_word' id='word_1_119' title='bbox 331 2556 482 2648; x_wconf 84' lang='grc' dir='ltr'>πλῆμναι]</span> <span class='ocrx_word' id='word_1_120' title='bbox 500 2561 532 2623; x_wconf 91' lang='grc' dir='ltr'>αί</span> <span class='ocrx_word' id='word_1_121' title='bbox 548 2561 712 2642; x_wconf 87' lang='grc' dir='ltr'>χοινικίδες</span> <span class='ocrx_word' id='word_1_122' title='bbox 724 2564 787 2631; x_wconf 83' lang='lat' dir='ltr'>A÷</span> 
     </span>
     <span class='ocr_line' id='line_1_20' title="bbox 332 2658 1158 2750; baseline 0.004 -24"><span class='ocrx_word' id='word_1_123' title='bbox 332 2667 507 2744; x_wconf 86' lang='grc' dir='ltr'>περίδρομοι</span> <span class='ocrx_word' id='word_1_124' title='bbox 523 2658 754 2750; x_wconf 81' lang='grc' dir='ltr'>ἀμφοτέρωθεν]</span> <span class='ocrx_word' id='word_1_125' title='bbox 772 2663 967 2745; x_wconf 85' lang='grc' dir='ltr'>στρογγύλοι,</span> <span class='ocrx_word' id='word_1_126' title='bbox 983 2668 1158 2746; x_wconf 83' lang='grc' dir='ltr'>περιφερεῖς</span> 
     </span>
     <span class='ocr_line' id='line_1_21' title="bbox 140 2764 1347 2850; baseline -0.001 -17"><span class='ocrx_word' id='word_1_127' title='bbox 140 2794 178 2833; x_wconf 90' lang='lat'>20</span> <span class='ocrx_word' id='word_1_128' title='bbox 236 2781 308 2848; x_wconf 84' lang='grc'><strong>729.</strong></span> <span class='ocrx_word' id='word_1_129' title='bbox 329 2766 421 2849; x_wconf 83' lang='grc' dir='ltr'>ῥυμὸς</span> <span class='ocrx_word' id='word_1_130' title='bbox 438 2764 531 2845; x_wconf 80' lang='grc' dir='ltr'>ξύλου</span> <span class='ocrx_word' id='word_1_131' title='bbox 545 2767 643 2845; x_wconf 87' lang='grc' dir='ltr'>μέσον</span> <span class='ocrx_word' id='word_1_132' title='bbox 657 2766 712 2832; x_wconf 86' lang='grc' dir='ltr'>έως</span> <span class='ocrx_word' id='word_1_133' title='bbox 728 2771 781 2830; x_wconf 87' lang='grc' dir='ltr'>τοῦ</span> <span class='ocrx_word' id='word_1_134' title='bbox 798 2766 895 2850; x_wconf 81' lang='grc' dir='ltr'>ζυγοῦ,</span> <span class='ocrx_word' id='word_1_135' title='bbox 912 2765 929 2829; x_wconf 86' lang='grc' dir='ltr'>δ</span> <span class='ocrx_word' id='word_1_136' title='bbox 945 2767 1029 2830; x_wconf 77' lang='grc' dir='ltr'>ἕλκει</span> <span class='ocrx_word' id='word_1_137' title='bbox 1043 2773 1097 2832; x_wconf 86' lang='grc' dir='ltr'>τὸν</span> <span class='ocrx_word' id='word_1_138' title='bbox 1112 2768 1230 2847; x_wconf 88' lang='grc' dir='ltr'>δίφρον·</span> <span class='ocrx_word' id='word_1_139' title='bbox 1256 2766 1347 2848; x_wconf 78' lang='grc' dir='ltr'>ζυγὸς</span> 
     </span>
     <span class='ocr_line' id='line_1_22' title="bbox 191 2868 1347 2952; baseline 0.003 -20"><span class='ocrx_word' id='word_1_140' title='bbox 191 2869 226 2933; x_wconf 87' lang='grc' dir='ltr'>τδ</span> <span class='ocrx_word' id='word_1_141' title='bbox 241 2871 429 2950; x_wconf 75' lang='grc' dir='ltr'>ἐπικείμενον</span> <span class='ocrx_word' id='word_1_142' title='bbox 444 2875 508 2936; x_wconf 88' lang='grc' dir='ltr'>τοῖς</span> <span class='ocrx_word' id='word_1_143' title='bbox 523 2871 629 2936; x_wconf 85' lang='grc' dir='ltr'>νότοις</span> <span class='ocrx_word' id='word_1_144' title='bbox 644 2875 704 2935; x_wconf 89' lang='grc' dir='ltr'>τῶν</span> <span class='ocrx_word' id='word_1_145' title='bbox 719 2871 829 2934; x_wconf 80' lang='grc' dir='ltr'>ἵππων·</span> <span class='ocrx_word' id='word_1_146' title='bbox 854 2873 962 2949; x_wconf 91' lang='grc' dir='ltr'>κνῆμαι</span> <span class='ocrx_word' id='word_1_147' title='bbox 986 2872 1018 2934; x_wconf 92' lang='grc' dir='ltr'>αί</span> <span class='ocrx_word' id='word_1_148' title='bbox 1039 2869 1150 2952; x_wconf 82' lang='grc' dir='ltr'>ῥάβδοι</span> <span class='ocrx_word' id='word_1_149' title='bbox 1165 2871 1198 2933; x_wconf 72' lang='lat' dir='ltr'>at</span> <span class='ocrx_word' id='word_1_150' title='bbox 1214 2868 1277 2933; x_wconf 82' lang='grc' dir='ltr'>άπὸ</span> <span class='ocrx_word' id='word_1_151' title='bbox 1292 2873 1347 2947; x_wconf 84' lang='grc' dir='ltr'>τῆς</span> 
     </span>
     <span class='ocr_line' id='line_1_23' title="bbox 190 2971 1347 3056; baseline -0.001 -20"><span class='ocrx_word' id='word_1_152' title='bbox 190 2974 354 3055; x_wconf 85' lang='grc' dir='ltr'>χοινικίδος</span> <span class='ocrx_word' id='word_1_153' title='bbox 367 2972 457 3056; x_wconf 89' lang='grc' dir='ltr'>μέχρι</span> <span class='ocrx_word' id='word_1_154' title='bbox 473 2979 526 3035; x_wconf 89' lang='grc' dir='ltr'>τοῦ</span> <span class='ocrx_word' id='word_1_155' title='bbox 541 2979 661 3056; x_wconf 88' lang='grc' dir='ltr'>τροχοῦ·</span> <span class='ocrx_word' id='word_1_156' title='bbox 692 2971 801 3055; x_wconf 84' lang='grc' dir='ltr'>τροχὸς</span> <span class='ocrx_word' id='word_1_157' title='bbox 824 2972 857 3037; x_wconf 88' lang='grc' dir='ltr'>δέ</span> <span class='ocrx_word' id='word_1_158' title='bbox 881 2975 967 3038; x_wconf 91' lang='grc' dir='ltr'>ἐστιν</span> <span class='ocrx_word' id='word_1_159' title='bbox 982 2972 1000 3052; x_wconf 80' lang='grc' dir='ltr'><em>ἡ</em></span> <span class='ocrx_word' id='word_1_160' title='bbox 1017 2974 1102 3055; x_wconf 76' lang='grc' dir='ltr'>άφίς,</span> <span class='ocrx_word' id='word_1_161' title='bbox 1117 2971 1137 3051; x_wconf 84' lang='grc' dir='ltr'>ῆ</span> <span class='ocrx_word' id='word_1_162' title='bbox 1152 2972 1280 3055; x_wconf 89' lang='grc' dir='ltr'>λέγεται</span> <span class='ocrx_word' id='word_1_163' title='bbox 1296 2973 1347 3036; x_wconf 84' lang='grc' dir='ltr'>καὶ</span> 
     </span>
     <span class='ocr_line' id='line_1_24' title="bbox 190 3074 1346 3163; baseline 0.001 -22"><span class='ocrx_word' id='word_1_164' title='bbox 190 3077 261 3154; x_wconf 88' lang='grc' dir='ltr'>ίτύς,</span> <span class='ocrx_word' id='word_1_165' title='bbox 276 3075 295 3163; x_wconf 75' lang='grc' dir='ltr'><em>ᾗ</em></span> <span class='ocrx_word' id='word_1_166' title='bbox 311 3079 343 3140; x_wconf 89' lang='grc' dir='ltr'>αί</span> <span class='ocrx_word' id='word_1_167' title='bbox 360 3080 468 3156; x_wconf 90' lang='grc' dir='ltr'>κνῆμαι</span> <span class='ocrx_word' id='word_1_168' title='bbox 483 3080 535 3155; x_wconf 85' lang='grc' dir='ltr'>τῆς</span> <span class='ocrx_word' id='word_1_169' title='bbox 550 3077 715 3160; x_wconf 87' lang='grc' dir='ltr'>χοινικίδος</span> <span class='ocrx_word' id='word_1_170' title='bbox 731 3074 949 3158; x_wconf 80' lang='grc' dir='ltr'>ἐμπήγνυνται·</span> <span class='ocrx_word' id='word_1_171' title='bbox 972 3079 1108 3156; x_wconf 83' lang='grc' dir='ltr'>πλῆμναι</span> <span class='ocrx_word' id='word_1_172' title='bbox 1124 3078 1155 3141; x_wconf 86' lang='grc' dir='ltr'>αί</span> <span class='ocrx_word' id='word_1_173' title='bbox 1168 3076 1346 3159; x_wconf 89' lang='grc' dir='ltr'>χοινικίδες,</span> 
     </span>
     <span class='ocr_line' id='line_1_25' title="bbox 191 3176 1346 3263; baseline 0 -19"><span class='ocrx_word' id='word_1_174' title='bbox 191 3182 224 3244; x_wconf 92' lang='grc' dir='ltr'>ἐν</span> <span class='ocrx_word' id='word_1_175' title='bbox 239 3182 287 3246; x_wconf 88' lang='grc' dir='ltr'>αίς</span> <span class='ocrx_word' id='word_1_176' title='bbox 302 3178 464 3261; x_wconf 70' lang='grc' dir='ltr'>στρέφεται</span> <span class='ocrx_word' id='word_1_177' title='bbox 480 3182 496 3243; x_wconf 84' lang='grc' dir='ltr'>ό</span> <span class='ocrx_word' id='word_1_178' title='bbox 513 3178 601 3259; x_wconf 82' lang='grc' dir='ltr'>άξων·</span> <span class='ocrx_word' id='word_1_179' title='bbox 625 3180 706 3259; x_wconf 87' lang='grc' dir='ltr'>άξωυ</span> <span class='ocrx_word' id='word_1_180' title='bbox 723 3180 758 3243; x_wconf 82' lang='grc' dir='ltr'>τὸ</span> <span class='ocrx_word' id='word_1_181' title='bbox 777 3177 870 3258; x_wconf 79' lang='grc' dir='ltr'>ξύλον</span> <span class='ocrx_word' id='word_1_182' title='bbox 887 3179 922 3243; x_wconf 86' lang='grc' dir='ltr'>τὸ</span> <span class='ocrx_word' id='word_1_183' title='bbox 943 3178 1004 3242; x_wconf 86' lang='grc' dir='ltr'>άπδ</span> <span class='ocrx_word' id='word_1_184' title='bbox 1022 3184 1133 3262; x_wconf 88' lang='grc' dir='ltr'>τροχοῦ</span> <span class='ocrx_word' id='word_1_185' title='bbox 1156 3182 1200 3245; x_wconf 87' lang='grc' dir='ltr'>είς</span> <span class='ocrx_word' id='word_1_186' title='bbox 1222 3176 1346 3263; x_wconf 89' lang='grc' dir='ltr'>τροχόν,</span> 
     </span>
     <span class='ocr_line' id='line_1_26' title="bbox 140 3281 1346 3366; baseline -0.002 -19"><span class='ocrx_word' id='word_1_187' title='bbox 140 3304 177 3365; x_wconf 86' lang='lat'>25</span> <span class='ocrx_word' id='word_1_188' title='bbox 192 3285 357 3366; x_wconf 90' lang='grc' dir='ltr'>δεχόμενον</span> <span class='ocrx_word' id='word_1_189' title='bbox 371 3283 423 3349; x_wconf 80' lang='grc' dir='ltr'>τὰς</span> <span class='ocrx_word' id='word_1_190' title='bbox 438 3283 576 3363; x_wconf 80' lang='grc' dir='ltr'>περόνας·</span> <span class='ocrx_word' id='word_1_191' title='bbox 592 3283 717 3365; x_wconf 81' lang='grc' dir='ltr'>ἄντυγες</span> <span class='ocrx_word' id='word_1_192' title='bbox 729 3285 766 3346; x_wconf 80' lang='grc' dir='ltr'>τῶ</span> <span class='ocrx_word' id='word_1_193' title='bbox 783 3284 833 3346; x_wconf 83' lang='grc' dir='ltr'>ἐπέ</span> <span class='ocrx_word' id='word_1_194' title='bbox 848 3287 901 3345; x_wconf 89' lang='grc' dir='ltr'>τοῦ</span> <span class='ocrx_word' id='word_1_195' title='bbox 917 3284 1026 3363; x_wconf 88' lang='grc' dir='ltr'>δίφρου</span> <span class='ocrx_word' id='word_1_196' title='bbox 1041 3282 1213 3361; x_wconf 80' lang='grc' dir='ltr'>ἡμικύκλια·</span> <span class='ocrx_word' id='word_1_197' title='bbox 1230 3281 1346 3363; x_wconf 88' lang='grc' dir='ltr'>άστρά-</span> 
     </span>
     <span class='ocr_line' id='line_1_27' title="bbox 189 3384 1347 3468; baseline -0.002 -18"><span class='ocrx_word' id='word_1_198' title='bbox 189 3393 233 3467; x_wconf 86' lang='grc' dir='ltr'>βη</span> <span class='ocrx_word' id='word_1_199' title='bbox 243 3387 278 3451; x_wconf 86' lang='grc' dir='ltr'>τὸ</span> <span class='ocrx_word' id='word_1_200' title='bbox 290 3386 382 3467; x_wconf 83' lang='grc' dir='ltr'>ξύλον</span> <span class='ocrx_word' id='word_1_201' title='bbox 396 3386 430 3450; x_wconf 85' lang='grc' dir='ltr'>τὸ</span> <span class='ocrx_word' id='word_1_202' title='bbox 445 3387 544 3467; x_wconf 84' lang='grc' dir='ltr'>ὀρθόν,</span> <span class='ocrx_word' id='word_1_203' title='bbox 557 3385 573 3449; x_wconf 87' lang='grc' dir='ltr'>δ</span> <span class='ocrx_word' id='word_1_204' title='bbox 586 3391 688 3468; x_wconf 92' lang='grc' dir='ltr'>κρατεῖ</span> <span class='ocrx_word' id='word_1_205' title='bbox 702 3388 719 3450; x_wconf 87' lang='grc' dir='ltr'>ό</span> <span class='ocrx_word' id='word_1_206' title='bbox 733 3384 859 3468; x_wconf 84' lang='grc' dir='ltr'>ῆνίοχος</span> <span class='ocrx_word' id='word_1_207' title='bbox 874 3386 949 3466; x_wconf 83' lang='grc' dir='ltr'>πρὸς</span> <span class='ocrx_word' id='word_1_208' title='bbox 963 3385 999 3448; x_wconf 88' lang='grc' dir='ltr'>τὸ</span> <span class='ocrx_word' id='word_1_209' title='bbox 1012 3386 1054 3465; x_wconf 86' lang='grc' dir='ltr'>μῆ</span> <span class='ocrx_word' id='word_1_210' title='bbox 1070 3387 1227 3449; x_wconf 91' lang='grc' dir='ltr'>ἐκπίπτειν</span> <span class='ocrx_word' id='word_1_211' title='bbox 1243 3385 1347 3461; x_wconf 74' lang='grc' dir='ltr'>αὐτοῦ,</span> 
     </span>
     <span class='ocr_line' id='line_1_28' title="bbox 190 3488 1073 3571; baseline -0.002 -18"><span class='ocrx_word' id='word_1_212' title='bbox 190 3491 208 3553; x_wconf 85' lang='grc' dir='ltr'>ό</span> <span class='ocrx_word' id='word_1_213' title='bbox 222 3516 302 3557; x_wconf 90' lang='grc' dir='ltr'>τινες</span> <span class='ocrx_word' id='word_1_214' title='bbox 315 3491 557 3571; x_wconf 84' lang='grc' dir='ltr'>βαρβαρίζοντες</span> <span class='ocrx_word' id='word_1_215' title='bbox 573 3495 720 3554; x_wconf 91' lang='grc' dir='ltr'>καλοῦσιν</span> <span class='ocrx_word' id='word_1_216' title='bbox 735 3488 894 3571; x_wconf 82' lang='grc' dir='ltr'>άστροπήν</span> <span class='ocrx_word' id='word_1_217' title='bbox 909 3509 966 3553; x_wconf 85' lang='lat' dir='ltr'>ree.</span> <span class='ocrx_word' id='word_1_218' title='bbox 980 3490 1037 3552; x_wconf 89' lang='lat' dir='ltr'>AB</span> <span class='ocrx_word' id='word_1_219' title='bbox 1047 3504 1073 3558; x_wconf 55' lang='grc' dir='ltr'>ψ</span> 
     </span>
     <span class='ocr_line' id='line_1_29' title="bbox 234 3591 742 3681; baseline 0 -22"><span class='ocrx_word' id='word_1_220' title='bbox 234 3607 308 3679; x_wconf 90' lang='grc'><strong>734.</strong></span> <span class='ocrx_word' id='word_1_221' title='bbox 332 3591 435 3681; x_wconf 89' lang='grc' dir='ltr'>ἐανόν]</span> <span class='ocrx_word' id='word_1_222' title='bbox 452 3594 576 3669; x_wconf 90' lang='grc' dir='ltr'>λεπτόν,</span> <span class='ocrx_word' id='word_1_223' title='bbox 592 3595 742 3675; x_wconf 89' lang='grc' dir='ltr'>τρυφερόν</span> 
     </span>
     <span class='ocr_line' id='line_1_30' title="bbox 235 3693 1071 3784; baseline -0.001 -24"><span class='ocrx_word' id='word_1_224' title='bbox 235 3698 306 3782; x_wconf 90' lang='grc'><strong>738.</strong></span> <span class='ocrx_word' id='word_1_225' title='bbox 330 3693 580 3784; x_wconf 83' lang='grc' dir='ltr'>θυσσανόεσσαν]</span> <span class='ocrx_word' id='word_1_226' title='bbox 599 3695 748 3778; x_wconf 86' lang='grc' dir='ltr'>κροσσοῦς</span> <span class='ocrx_word' id='word_1_227' title='bbox 764 3696 899 3780; x_wconf 88' lang='grc' dir='ltr'>έχουσαν</span> <span class='ocrx_word' id='word_1_228' title='bbox 915 3702 1071 3779; x_wconf 88' lang='grc' dir='ltr'>πανταχοῦ</span> 
     </span>
     <span class='ocr_line' id='line_1_31' title="bbox 138 3797 833 3888; baseline -0.006 -21"><span class='ocrx_word' id='word_1_229' title='bbox 138 3828 176 3884; x_wconf 85' lang='lat'>30</span> <span class='ocrx_word' id='word_1_230' title='bbox 234 3815 307 3886; x_wconf 83' lang='lat'>739.</span> <span class='ocrx_word' id='word_1_231' title='bbox 330 3797 539 3888; x_wconf 89' lang='grc' dir='ltr'>ἐστεφάνωτο]</span> <span class='ocrx_word' id='word_1_232' title='bbox 557 3801 833 3884; x_wconf 89' lang='grc' dir='ltr'>περιεκυκλοῦ&lt;το&gt;</span> 
     </span>
    </p>

    <p class='ocr_par' dir='ltr' id='par_1_14' title="bbox 235 3900 1241 3992">
     <span class='ocr_line' id='line_1_32' title="bbox 235 3900 1241 3992; baseline -0.003 -23"><span class='ocrx_word' id='word_1_233' title='bbox 235 3924 308 3987; x_wconf 90' lang='lat'>741.</span> <span class='ocrx_word' id='word_1_234' title='bbox 332 3901 485 3992; x_wconf 86' lang='grc' dir='ltr'>πελόρου]</span> <span class='ocrx_word' id='word_1_235' title='bbox 503 3903 626 3985; x_wconf 89' lang='grc' dir='ltr'>τέρατος</span> <span class='ocrx_word' id='word_1_236' title='bbox 759 3918 833 3983; x_wconf 86' lang='grc'><strong>744.</strong></span> <span class='ocrx_word' id='word_1_237' title='bbox 857 3900 1041 3992; x_wconf 84' lang='grc' dir='ltr'>πρυλέεσσι]</span> <span class='ocrx_word' id='word_1_238' title='bbox 1058 3906 1159 3982; x_wconf 84' lang='grc' dir='ltr'>πεζοῖς</span> <span class='ocrx_word' id='word_1_239' title='bbox 1175 3910 1241 3975; x_wconf 79' lang='lat' dir='ltr'>A÷</span> 
     </span>
    </p>

    <p class='ocr_par' dir='ltr' id='par_1_15' title="bbox 234 4003 1167 4095">
     <span class='ocr_line' id='line_1_33' title="bbox 234 4003 1167 4095; baseline 0.001 -24"><span class='ocrx_word' id='word_1_240' title='bbox 234 4021 307 4090; x_wconf 90' lang='lat'>747.</span> <span class='ocrx_word' id='word_1_241' title='bbox 329 4003 553 4095; x_wconf 88' lang='grc' dir='ltr'>όβριμοπάτρη]</span> <span class='ocrx_word' id='word_1_242' title='bbox 571 4010 700 4089; x_wconf 84' lang='grc' dir='ltr'>ὄβριμον</span> <span class='ocrx_word' id='word_1_243' title='bbox 716 4009 765 4072; x_wconf 78' lang='grc' dir='ltr'>καὶ</span> <span class='ocrx_word' id='word_1_244' title='bbox 781 4008 909 4091; x_wconf 76' lang='grc' dir='ltr'>ἰσχυρὸν</span> <span class='ocrx_word' id='word_1_245' title='bbox 923 4007 1038 4089; x_wconf 90' lang='grc' dir='ltr'>πατέρα</span> <span class='ocrx_word' id='word_1_246' title='bbox 1053 4009 1167 4089; x_wconf 78' lang='grc' dir='ltr'>ἔχουσα</span> 
     </span>
    </p>

    <p class='ocr_par' dir='ltr' id='par_1_16' title="bbox 234 4107 1287 4203">
     <span class='ocr_line' id='line_1_34' title="bbox 234 4107 1287 4203; baseline 0.002 -29"><span class='ocrx_word' id='word_1_247' title='bbox 234 4124 306 4193; x_wconf 88' lang='lat'>750.</span> <span class='ocrx_word' id='word_1_248' title='bbox 329 4108 397 4199; x_wconf 76' lang='grc' dir='ltr'>τῆς]</span> <span class='ocrx_word' id='word_1_249' title='bbox 419 4113 476 4187; x_wconf 89' lang='grc' dir='ltr'>αίς,</span> <span class='ocrx_word' id='word_1_250' title='bbox 493 4116 559 4177; x_wconf 87' lang='grc' dir='ltr'>ταῖς</span> <span class='ocrx_word' id='word_1_251' title='bbox 570 4109 680 4192; x_wconf 84' lang='grc' dir='ltr'>Ὥραις</span> <span class='ocrx_word' id='word_1_252' title='bbox 812 4107 1041 4197; x_wconf 86' lang='grc' dir='ltr'>ἐπιτέτραπται]</span> <span class='ocrx_word' id='word_1_253' title='bbox 1059 4113 1287 4203; x_wconf 70' lang='grc' dir='ltr'>ἐγκεχείρισται</span> 
     </span>
    </p>
   </div>
   <div class='ocr_carea' id='block_1_3' title="bbox 137 4209 1347 4509">
    <p class='ocr_par' dir='ltr' id='par_1_17' title="bbox 137 4209 1347 4509">
     <span class='ocr_line' id='line_1_35' title="bbox 233 4209 1233 4302; baseline 0.002 -25"><span class='ocrx_word' id='word_1_254' title='bbox 233 4229 307 4296; x_wconf 83' lang='lat'>751.</span> <span class='ocrx_word' id='word_1_255' title='bbox 331 4210 505 4301; x_wconf 88' lang='grc' dir='ltr'>άνακλῖναι]</span> <span class='ocrx_word' id='word_1_256' title='bbox 523 4215 719 4296; x_wconf 75' lang='grc' dir='ltr'>άνακαλύφαι</span> <span class='ocrx_word' id='word_1_257' title='bbox 851 4209 1016 4302; x_wconf 89' lang='grc' dir='ltr'>ἐπιθεῖναι]</span> <span class='ocrx_word' id='word_1_258' title='bbox 1034 4218 1233 4279; x_wconf 83' lang='grc' dir='ltr'>κατακλεῖσαι</span> 
     </span>
     <span class='ocr_line' id='line_1_36' title="bbox 137 4313 699 4403; baseline 0.007 -24"><span class='ocrx_word' id='word_1_259' title='bbox 137 4340 174 4400; x_wconf 84' lang='lat'>35</span> <span class='ocrx_word' id='word_1_260' title='bbox 234 4316 306 4399; x_wconf 89' lang='lat'>761.</span> <span class='ocrx_word' id='word_1_261' title='bbox 330 4313 463 4403; x_wconf 79' lang='grc' dir='ltr'>ἀνέντες]</span> <span class='ocrx_word' id='word_1_262' title='bbox 480 4318 699 4384; x_wconf 83' lang='grc' dir='ltr'>ἀναπείσαντες</span> 
     </span>
     <span class='ocr_line' id='line_1_37' title="bbox 234 4416 1347 4509; baseline 0 -26"><span class='ocrx_word' id='word_1_263' title='bbox 234 4422 306 4506; x_wconf 91' lang='grc'><strong>763.</strong></span> <span class='ocrx_word' id='word_1_264' title='bbox 330 4416 548 4507; x_wconf 81' lang='grc' dir='ltr'>ἐξαποδίωμαι]</span> <span class='ocrx_word' id='word_1_265' title='bbox 566 4419 724 4500; x_wconf 83' lang='grc' dir='ltr'>άποδιάξω</span> <span class='ocrx_word' id='word_1_266' title='bbox 846 4436 919 4503; x_wconf 91' lang='grc'><strong>777.</strong></span> <span class='ocrx_word' id='word_1_267' title='bbox 943 4418 1094 4509; x_wconf 78' lang='grc' dir='ltr'>ἀνέτειλε]</span> <span class='ocrx_word' id='word_1_268' title='bbox 1111 4421 1268 4503; x_wconf 85' lang='grc' dir='ltr'>ἆνέφυσεν</span> <span class='ocrx_word' id='word_1_269' title='bbox 1283 4444 1347 4486; x_wconf 84' lang='lat' dir='ltr'>ree.</span> 
     </span>
    </p>
   </div>
   <div class='ocr_carea' id='block_1_4' title="bbox 187 4610 1347 5004">
    <p class='ocr_par' dir='ltr' id='par_1_18' title="bbox 187 4610 1347 5004">
     <span class='ocr_line' id='line_1_38' title="bbox 221 4610 1347 4690; baseline 0.001 -28"><span class='ocrx_word' id='word_1_270' title='bbox 221 4631 245 4677; x_wconf 87' lang='lat'>4.</span> <span class='ocrx_word' id='word_1_271' title='bbox 261 4611 336 4662; x_wconf 78' lang='grc' dir='ltr'>νάπος</span> <span class='ocrx_word' id='word_1_272' title='bbox 352 4611 382 4660; x_wconf 81' lang='grc' dir='ltr'>τὸ</span> <span class='ocrx_word' id='word_1_273' title='bbox 398 4614 499 4677; x_wconf 75' lang='lat' dir='ltr'><strong>scripsi:</strong></span> <span class='ocrx_word' id='word_1_274' title='bbox 522 4610 598 4674; x_wconf 85' lang='grc' dir='ltr'>κάφος</span> <span class='ocrx_word' id='word_1_275' title='bbox 619 4611 649 4660; x_wconf 87' lang='grc' dir='ltr'>τδ</span> <span class='ocrx_word' id='word_1_276' title='bbox 665 4614 727 4674; x_wconf 84' lang='lat' dir='ltr'>AD,</span> <span class='ocrx_word' id='word_1_277' title='bbox 744 4611 827 4662; x_wconf 86' lang='grc' dir='ltr'>κάπτω</span> <span class='ocrx_word' id='word_1_278' title='bbox 848 4620 859 4674; x_wconf 86' lang='grc' dir='ltr'>ΙΙ</span> <span class='ocrx_word' id='word_1_279' title='bbox 878 4628 900 4677; x_wconf 82' lang='grc'>5.</span> <span class='ocrx_word' id='word_1_280' title='bbox 918 4614 1033 4679; x_wconf 72' lang='lat' dir='ltr'>supplevi</span> <span class='ocrx_word' id='word_1_281' title='bbox 1050 4630 1081 4664; x_wconf 81' lang='lat' dir='ltr'>ex</span> <span class='ocrx_word' id='word_1_282' title='bbox 1099 4615 1150 4663; x_wconf 79' lang='lat' dir='ltr'>AD</span> <span class='ocrx_word' id='word_1_283' title='bbox 1174 4619 1185 4674; x_wconf 82' lang='grc' dir='ltr'>ΙΙ</span> <span class='ocrx_word' id='word_1_284' title='bbox 1204 4620 1270 4690; x_wconf 59' lang='lat' dir='ltr'>poet</span> <span class='ocrx_word' id='word_1_285' title='bbox 1287 4612 1347 4663; x_wconf 81' lang='grc' dir='ltr'>τάν-</span> 
     </span>
     <span class='ocr_line' id='line_1_39' title="bbox 187 4677 1345 4741; baseline 0.003 -16"><span class='ocrx_word' id='word_1_286' title='bbox 187 4682 259 4728; x_wconf 86' lang='grc' dir='ltr'>τοθιν</span> <span class='ocrx_word' id='word_1_287' title='bbox 274 4677 467 4741; x_wconf 79' lang='grc' dir='ltr'>αάά.τοο.ταρά</span> <span class='ocrx_word' id='word_1_288' title='bbox 482 4677 512 4725; x_wconf 83' lang='grc' dir='ltr'>τὸ</span> <span class='ocrx_word' id='word_1_289' title='bbox 527 4677 610 4726; x_wconf 82' lang='grc' dir='ltr'>κάττω</span> <span class='ocrx_word' id='word_1_290' title='bbox 624 4677 729 4727; x_wconf 83' lang='grc' dir='ltr'>τδτνέοι</span> <span class='ocrx_word' id='word_1_291' title='bbox 756 4685 767 4740; x_wconf 86' lang='grc' dir='ltr'>ΙΙ</span> <span class='ocrx_word' id='word_1_292' title='bbox 788 4694 825 4730; x_wconf 91' lang='lat'>10.</span> <span class='ocrx_word' id='word_1_293' title='bbox 843 4679 958 4740; x_wconf 80' lang='grc' dir='ltr'>άκαμτεῖς</span> <span class='ocrx_word' id='word_1_294' title='bbox 976 4686 986 4740; x_wconf 84' lang='grc' dir='ltr'>ΙΙ</span> <span class='ocrx_word' id='word_1_295' title='bbox 1009 4693 1046 4740; x_wconf 84' lang='lat'>12,</span> <span class='ocrx_word' id='word_1_296' title='bbox 1060 4693 1098 4740; x_wconf 81' lang='lat'>13.</span> <span class='ocrx_word' id='word_1_297' title='bbox 1116 4677 1215 4741; x_wconf 85' lang='grc' dir='ltr'>πρδςτη</span> <span class='ocrx_word' id='word_1_298' title='bbox 1228 4679 1345 4741; x_wconf 83' lang='grc' dir='ltr'>χοινικίδι</span> 
     </span>
     <span class='ocr_line' id='line_1_40' title="bbox 188 4742 1347 4808; baseline 0.001 -14"><span class='ocrx_word' id='word_1_299' title='bbox 188 4747 230 4795; x_wconf 73' lang='lat' dir='ltr'>Et.</span> <span class='ocrx_word' id='word_1_300' title='bbox 242 4745 296 4796; x_wconf 83' lang='lat' dir='ltr'>M.:</span> <span class='ocrx_word' id='word_1_301' title='bbox 313 4742 358 4808; x_wconf 79' lang='grc' dir='ltr'>τρδ</span> <span class='ocrx_word' id='word_1_302' title='bbox 374 4744 417 4806; x_wconf 89' lang='grc' dir='ltr'>τῆς</span> <span class='ocrx_word' id='word_1_303' title='bbox 434 4742 539 4806; x_wconf 82' lang='grc' dir='ltr'>χοίνικος</span> <span class='ocrx_word' id='word_1_304' title='bbox 557 4749 567 4803; x_wconf 92' lang='grc' dir='ltr'>ΙΙ</span> <span class='ocrx_word' id='word_1_305' title='bbox 588 4757 626 4807; x_wconf 83' lang='lat'>15.</span> <span class='ocrx_word' id='word_1_306' title='bbox 644 4758 668 4793; x_wconf 90' lang='grc' dir='ltr'>σ.</span> <span class='ocrx_word' id='word_1_307' title='bbox 686 4745 709 4792; x_wconf 91' lang='grc' dir='ltr'>οί</span> <span class='ocrx_word' id='word_1_308' title='bbox 727 4761 752 4806; x_wconf 90' lang='grc' dir='ltr'>χ.</span> <span class='ocrx_word' id='word_1_309' title='bbox 772 4749 782 4803; x_wconf 87' lang='grc' dir='ltr'>ΙΙ</span> <span class='ocrx_word' id='word_1_310' title='bbox 804 4747 840 4795; x_wconf 84' lang='lat'>18.</span> <span class='ocrx_word' id='word_1_311' title='bbox 857 4744 985 4807; x_wconf 81' lang='grc' dir='ltr'>χοινικίδες</span> <span class='ocrx_word' id='word_1_312' title='bbox 996 4746 1036 4795; x_wconf 75' lang='lat' dir='ltr'>A:</span> <span class='ocrx_word' id='word_1_313' title='bbox 1055 4742 1167 4806; x_wconf 86' lang='grc' dir='ltr'>χοινικίσι</span> <span class='ocrx_word' id='word_1_314' title='bbox 1190 4750 1201 4804; x_wconf 87' lang='grc' dir='ltr'>ΙΙ</span> <span class='ocrx_word' id='word_1_315' title='bbox 1223 4758 1262 4795; x_wconf 84' lang='lat'>20.</span> <span class='ocrx_word' id='word_1_316' title='bbox 1281 4751 1347 4795; x_wconf 69' lang='lat' dir='ltr'>anto</span> 
     </span>
     <span class='ocr_line' id='line_1_41' title="bbox 188 4808 1345 4876; baseline 0.002 -18"><span class='ocrx_word' id='word_1_317' title='bbox 188 4809 262 4874; x_wconf 75' lang='grc' dir='ltr'>ρυμδς</span> <span class='ocrx_word' id='word_1_318' title='bbox 282 4824 313 4871; x_wconf 86' lang='lat'>30</span> <span class='ocrx_word' id='word_1_319' title='bbox 331 4811 383 4860; x_wconf 75' lang='lat' dir='ltr'>fero</span> <span class='ocrx_word' id='word_1_320' title='bbox 401 4811 503 4858; x_wconf 69' lang='lat' dir='ltr'>litterae</span> <span class='ocrx_word' id='word_1_321' title='bbox 521 4815 622 4873; x_wconf 78' lang='lat' dir='ltr'><strong>etpost</strong></span> <span class='ocrx_word' id='word_1_322' title='bbox 640 4821 654 4872; x_wconf 88' lang='lat'>5</span> <span class='ocrx_word' id='word_1_323' title='bbox 673 4810 796 4860; x_wconf 76' lang='grc' dir='ltr'>ονααίάαο</span> <span class='ocrx_word' id='word_1_324' title='bbox 816 4817 826 4870; x_wconf 85' lang='grc'>11</span> <span class='ocrx_word' id='word_1_325' title='bbox 848 4824 886 4875; x_wconf 78' lang='lat'>²4</span> <span class='ocrx_word' id='word_1_326' title='bbox 904 4810 1035 4873; x_wconf 81' lang='grc' dir='ltr'>στρέφεται</span> <span class='ocrx_word' id='word_1_327' title='bbox 1055 4811 1094 4860; x_wconf 87' lang='lat' dir='ltr'>D:</span> <span class='ocrx_word' id='word_1_328' title='bbox 1112 4808 1251 4872; x_wconf 80' lang='grc' dir='ltr'>είσδίχετσι</span> <span class='ocrx_word' id='word_1_329' title='bbox 1271 4816 1282 4871; x_wconf 85' lang='grc' dir='ltr'>ΙΙ</span> <span class='ocrx_word' id='word_1_330' title='bbox 1303 4825 1345 4876; x_wconf 83' lang='lat'>²9·</span> 
     </span>
     <span class='ocr_line' id='line_1_42' title="bbox 187 4874 1345 4940; baseline 0.002 -16"><span class='ocrx_word' id='word_1_331' title='bbox 187 4874 306 4938; x_wconf 81' lang='grc' dir='ltr'>κροσσοδς</span> <span class='ocrx_word' id='word_1_332' title='bbox 323 4876 360 4925; x_wconf 91' lang='lat' dir='ltr'>D:</span> <span class='ocrx_word' id='word_1_333' title='bbox 377 4875 458 4923; x_wconf 83' lang='grc' dir='ltr'>κνσσά</span> <span class='ocrx_word' id='word_1_334' title='bbox 476 4881 486 4935; x_wconf 85' lang='grc' dir='ltr'>ΙΙ</span> <span class='ocrx_word' id='word_1_335' title='bbox 504 4875 631 4937; x_wconf 83' lang='grc' dir='ltr'>πανταχοῦ</span> <span class='ocrx_word' id='word_1_336' title='bbox 646 4876 684 4925; x_wconf 90' lang='lat' dir='ltr'>D:</span> <span class='ocrx_word' id='word_1_337' title='bbox 703 4874 799 4923; x_wconf 75' lang='grc' dir='ltr'>πάντων</span> <span class='ocrx_word' id='word_1_338' title='bbox 819 4881 829 4934; x_wconf 81' lang='grc' dir='ltr'>ΙΙ</span> <span class='ocrx_word' id='word_1_339' title='bbox 849 4890 887 4939; x_wconf 82' lang='lat'>30.</span> <span class='ocrx_word' id='word_1_340' title='bbox 906 4875 1094 4940; x_wconf 74' lang='grc' dir='ltr'>ἐστεφανόοιντο</span> <span class='ocrx_word' id='word_1_341' title='bbox 1110 4882 1196 4926; x_wconf 72' lang='lat' dir='ltr'><strong>textu·</strong></span> <span class='ocrx_word' id='word_1_342' title='bbox 1214 4880 1225 4935; x_wconf 82' lang='grc' dir='ltr'>ΙΙ</span> <span class='ocrx_word' id='word_1_343' title='bbox 1244 4888 1285 4940; x_wconf 76' lang='lat'>34.</span> <span class='ocrx_word' id='word_1_344' title='bbox 1302 4875 1345 4925; x_wconf 77' lang='grc' dir='ltr'>καί</span> 
     </span>
     <span class='ocr_line' id='line_1_43' title="bbox 187 4939 852 5004; baseline 0.002 -15"><span class='ocrx_word' id='word_1_345' title='bbox 187 4942 283 4990; x_wconf 84' lang='grc' dir='ltr'>κλεῖσαι</span> <span class='ocrx_word' id='word_1_346' title='bbox 301 4946 311 5001; x_wconf 85' lang='grc' dir='ltr'>ΙΙ</span> <span class='ocrx_word' id='word_1_347' title='bbox 331 4941 370 5004; x_wconf 78' lang='grc'><strong>36.</strong></span> <span class='ocrx_word' id='word_1_348' title='bbox 387 4940 455 4989; x_wconf 86' lang='grc' dir='ltr'>άποδ.</span> <span class='ocrx_word' id='word_1_349' title='bbox 469 4941 506 4992; x_wconf 82' lang='grc' dir='ltr'>Ῐ);</span> <span class='ocrx_word' id='word_1_350' title='bbox 525 4942 590 4989; x_wconf 81' lang='grc' dir='ltr'>ῦπαδ.</span> <span class='ocrx_word' id='word_1_351' title='bbox 611 4947 620 5001; x_wconf 85' lang='grc' dir='ltr'>ΙΙ</span> <span class='ocrx_word' id='word_1_352' title='bbox 639 4939 775 5004; x_wconf 75' lang='grc' dir='ltr'>άνεφίιησεν</span> <span class='ocrx_word' id='word_1_353' title='bbox 787 4947 815 4990; x_wconf 80' lang='lat' dir='ltr'>ut</span> <span class='ocrx_word' id='word_1_354' title='bbox 828 4942 852 4990; x_wconf 93' lang='lat' dir='ltr'>D</span> 
     </span>
    </p>
   </div>
   <div class='ocr_carea' id='block_1_5' title="bbox 0 0 1496 5474">
    <p class='ocr_par' dir='ltr' id='par_1_19' title="bbox 0 0 1496 5474">
     <span class='ocr_line' id='line_1_44' title="bbox 0 0 1496 5474; baseline 0 0"><span class='ocrx_word' id='word_1_355' title='bbox 0 0 1496 5474; x_wconf 95' lang='lat' dir='ltr'> </span> 
     </span>
    </p>
   </div>
  </div>
 </body>
</html>
